2962 4836
653 218 826 294 ηιξ..

172 409 278 482 neque
310 397 393 466 alius
425 399 619 483 probrorum
649 403 844 485 scriptorum
879 403 1050 479 „consilia“
1082 402 1166 468 dixit
1196 402 1302 480 „coda

173 491 286 568 togae“
312 486 364 551 vel
394 493 609 563 ‚‚armorum“.
655 488 738 553 Nam
770 488 856 572 quod
885 489 1073 573 eloquentia
1098 510 1118 553 a
1143 487 1302 555 Cicerone

172 569 290 636 alicubi
312 570 496 721 appellatur
520 574 627 656 „pacis
649 594 757 640 comes
779 575 900 659 otiique
918 577 1034 655 socia,“
1059 596 1126 640 non
1148 572 1189 638 ad
1206 575 1299 658 quid-

171 655 223 722 uis
256 656 323 722 aliu
378 678 417 723 ea
449 658 589 723 formula
623 661 794 726 transferri
825 669 948 745 potest3
988 683 1095 745 neque
1134 659 1190 725 illo
1228 661 1300 727 loco

175 742 300 820 „socia“
325 742 408 808 dixit
432 751 598 827 ‚‚togae.““

258 827 356 909 Quod
376 831 536 912 posterius
559 830 679 896 addere
699 839 787 898 certo
805 854 872 900 non
894 833 1067 917 prudentis
1089 839 1167 900 erat.
1212 832 1300 898 Cum

171 914 260 980 enirn
274 914 324 980 vir
335 914 447 982 doctus
462 936 501 981 ca
517 924 647 982 tantum
659 916 810 984 Ciceroni
831 919 1004 985 tribuenda
1021 941 1093 986 esse
1112 918 1299 997 contendat,

171 1020 254 1083 quae
268 999 406 1066 aliorum
422 1002 568 1068 locorum
583 1025 626 1069 ex
640 1005 712 1070 eius
733 1006 863 1088 scriptis
883 1004 1128 1089 desumptorum
1146 1004 1299 1070 similitu·

170 1086 246 1151 dine
258 1086 519 1172 comprobentur,
534 1089 590 1154 illo
613 1090 711 1155 allato
733 1091 803 1156 loco
815 1091 1011 1159 adversariis
1028 1098 1195 1175 tamquam
1207 1110 1300 1157 occa-

170 1172 294 1237 sionem
307 1175 451 1257 praebet,
464 1173 586 1260 abipso
604 1198 696 1241 arma
707 1177 887 1255 mutuandi,
902 1179 1018 1261 quihus
1030 1174 1188 1243 eiusmodi
1201 1198 1300 1260 argu-

170 1258 233 1324 tias
245 1259 414 1343 repellant.
445 1261 531 1326 Nam
550 1263 577 1328 si
596 1262 781 1345 eloquentia
803 1264 912 1347 „pacis
928 1285 1036 1329 comes
1051 1264 1175 1347 otiique
1185 1264 1297 1328 'socia‘

170 1343 341 1410 Ciceronis
359 1352 419 1425 est,
438 1347 537 1412 etium
553 1348 708 1425 „consilia
724 1349 813 1432 pacis
832 1351 937 1416 soeia“
957 1349 1103 1415 eiusdem
1115 1371 1185 1415 esse
1197 1370 1300 1414 unus·

169 1431 315 1514 quisque,
327 1432 382 1515 qui
394 1432 521 1499 sincero
532 1441 647 1499 utatur
657 1434 787 1515 iudicio,
800 1437 977 1502 concedere
989 1435 1092 1502 dehet.
1110 1435 1195 1500 Nam
1206 1436 1234 1500 si
1245 1455 1300 1499 res

168 1525 202 1582 et
215 1517 364 1583 notiones
385 1518 473 1584 inter
491 1541 525 1585 se
544 1542 610 1584 uon
629 1522 822 1605 confligunt,
841 1523 869 1587 si
890 1522 1015 1606 patitur
1033 1542 1120 1599 usus,
1144 1521 1171 1587 si
1190 1518 1301 1586 analo·

168 1602 224 1686 gia
246 1624 311 1667 non
334 1621 505 1688 repugnat,
527 1614 605 1689 puto
628 1607 689 1672 hoo
711 1628 781 1673 esse
799 1629 858 1690 pro
876 1614 1081 1692 argumento,
1105 1606 1299 1673 Ciceronem

169 1688 217 1754 sie
245 1688 335 1772 loqui
363 1697 397 1755 et
424 1690 565 1757 seribere
592 1694 744 1776 potuisse.
766 1731 809 1740 -
832 1693 899 1759 Sed
922 1695 956 1758 ni
985 1693 1081 1758 fallor
1104 1693 1298 1777 virJdoetus

168 1795 235 1839 non
255 1782 325 1839 tam
348 1775 485 1841 offendit
512 1778 546 1842 in
578 1778 703 1844 adiecto
727 1778 887 1846 vocabulo
911 1779 1037 1856 „socia“
1062 1799 1160 1863 quam
1182 1780 1218 1843 in
1239 1800 1298 1843 vc-

168 1859 282 1925 eabulo
313 1867 445 1945 „togae“
478 1885 537 1947 pro
569 1873 683 1947 „pace“
713 1866 826 1948 posito.
851 1903 891 1913 —
914 1865 1171 1931 Usitctissimam
1198 1865 1299 1930 fuisse

167 1946 329 2012 Romanis
347 1950 581 2032 metaphoram,
600 1972 663 2034 qua
683 1958 837 2035 „sagum“
856 1952 1006 2017 vocabuli
1027 1951 1141 2029 „belli“
1161 1971 1299 2016 munere

167 2033 367 2132 fungeretur,
402 2036 458 2117 qui
491 2035 697 2102 mediocriter
729 2038 764 2101 in
796 2034 944 2122 legendis
977 2036 1069 2103 libris
1101 2037 1298 2120 scriptorum

167 2119 363 2184 Latinorum
376 2127 524 2187 versatus
547 2123 599 2201 sit,
623 2145 687 2187 nou
710 2124 848 2206 ignorat.
880 2122 1021 2206 Saepius
1033 2129 1153 2202 autern,
1172 2122 1297 2206 opinor,

166 2203 361 2270 vocabulum
393 2214 525 2291 ‚‚togue“
557 2230 615 2292 pro
649 2209 775 2292 „pacis“
807 2231 886 2275 voce
913 2209 1095 2275 adhibitum
1125 2208 1183 2274 e‘st.
1229 2207 1298 2274 Sed

167 2290 337 2357 audiamus
370 2293 477 2375 ipsum
512 2292 703 2360 Ciceronem
736 2294 798 2359 hoc
831 2295 870 2360 de
903 2317 965 2361 usu
998 2301 1209 2361 statuentem.
1256 2295 1296 2358 In

166 2377 311 2442 oratione
339 2379 374 2442 in
397 2379 464 2444 Pis.
489 2402 556 2463 cap.
581 2380 696 2446 XXX.
722 2384 760 2444 73
790 2381 886 2447 haec:
924 2382 1070 2459 „Verum
1096 2389 1217 2459 tamon,
1245 2381 1297 2445 in·

166 2463 246 2546 quit,
270 2463 423 2546 quoniam
446 2473 478 2531 tc
502 2487 567 2531 non
592 2467 821 2534 Aristarchum
844 2467 902 2534 sed
923 2466 1084 2533 Phalarin
1107 2467 1296 2551 grammati·

166 2569 241 2615 eum
271 2548 429 2615 habemus
451 2587 491 2596 ·-
520 2554 604 2618 seire
633 2554 742 2636 cupio,
771 2553 849 2637 quid
878 2553 1011 2618 tandem
1041 2554 1074 2618 iu
1104 2553 1168 2619 isto
1198 2573 1297 2618 versu

166 2634 388 2718 reprehendas
420 2637 561 2714 „cedunt
588 2659 680 2703 arma
709 2646 822 2723 togae“
854 2675 894 2685 -
928 2641 1036 2718 „Tuae
1059 2639 1155 2717 diois,
1179 2639 1296 2721 inquit,

124 2733 126 2737 '
167 2727 280 2805 „togae
309 2741 474 2788 summum
495 2724 725 2807 imperatorem
754 2748 825 2791 esse
852 2732 1050 2791 cessurum.“
1096 2723 1186 2806 Quid
1209 2746 1297 2790 nunc

166 2813 208 2884 tc,
231 2808 331 2888 asine,
354 2807 480 2874 litteras
498 2809 653 2875 doceam?
676 2833 742 2877 non
762 2833 844 2894 opus
863 2817 914 2875 est
932 2812 1048 2891 verbis,
1069 2811 1125 2876 sed
1144 2810 1293 2875 fustibus.

164 2892 241 2956 Non
264 2893 334 2958 dixi
356 2893 441 2959 hanc
463 2905 582 2980 togam,
612 2917 676 2979 qua
698 2920 771 2962 sum
793 2898 941 2977 amictus,
969 2919 1029 2963 nee
1051 2917 1143 2961 arma
1164 2901 1294 2961 scutum

165 2986 223 3044 aut
245 2979 390 3063 gladium
414 2982 511 3047 unius
539 2983 760 3066 imperatoris,
791 2982 848 3049 sed
877 2984 953 3066 quia
980 2984 1069 3065 pacis
1090 2990 1141 3048 ost
1166 2981 1294 3066 insigne

165 3072 198 3128 et
219 3066 276 3130 otii
300 3073 386 3150 toga,
410 3074 523 3134 contra
541 3078 651 3133 autem
670 3092 762 3135 arma
781 3069 943 3135 tumultus
961 3077 1058 3154 atquc
1075 3068 1162 3147 belli,
1184 3074 1294 3150 poeta·

164 3168 237 3216 rum
258 3170 349 3217 more
375 3152 504 3219 locutus
528 3155 589 3222 hoc
617 3155 756 3240 intelligi
784 3155 882 3234 volui,
910 3154 1031 3221 bellum
1055 3174 1093 3220 ac
1114 3154 1294 3219 tumultum

164 3238 235 3319 paci
258 3244 357 3321 atquo
376 3240 441 3305 otio
461 3249 721 3306 concessurum.“

249 3323 313 3389 His
336 3325 435 3389 etiam
464 3326 549 3402 huic,
578 3325 618 3391 de
647 3348 711 3410 quo
740 3328 881 3411 agimus,
912 3326 982 3392 loco
1006 3325 1119 3391 Cicero
1149 3326 1218 3408 ipse
1248 3325 1294 3389 ita

164 3409 246 3473 mihi
273 3411 470 3491 patrocinari
498 3411 636 3491 videtur,
671 3421 708 3478 ut
735 3421 847 3479 nostra
875 3434 942 3478 non
970 3420 1064 3495 egeat
1093 3411 1291 3490 defensione,

163 3497 356 3578 praesertim
379 3519 452 3562 cum
477 3498 587 3562 omnia
609 3505 685 3581 apte
703 3507 983 3582 congruenterque
1002 3496 1089 3564 dicta
1105 3504 1140 3562 et
1161 3494 1293 3580 singula

163 3579 332 3665 eleganter
355 3583 415 3647 sibi
439 3583 586 3667 opposita
609 3586 683 3648 sint.

250 3664 290 3731 In
313 3667 425 3732 eadem
448 3672 471 3753 ξ.
496 3669 641 3735 Wolfius
669 3670 862 3773 perstringit
890 3668 1083 3734 vocabulum
1110 3668 1289 3743 „hominis“

164 3759 229 3817 tam
254 3752 339 3817 uude
361 3753 501 3837 positum
525 3777 584 3838 pro
606 3756 778 3839 Pompeio,
810 3778 846 3821 ac
867 3777 928 3819 nos
949 3754 1109 3839 inspicere
1131 3753 1222 3817 iubet
1243 3773 1291 3831 ea,

162 3859 246 3922 quae
268 3838 437 3904 adnotavit
459 3838 500 3905 ad
529 3850 608 3905 orat.
632 3854 703 3924 post
726 3842 792 3906 red.
816 3842 849 3905 in
873 3839 950 3906 Seu.
974 3860 1042 3924 cap.
1067 3843 1095 3915 9,
1118 3839 1174 3904 ubi
1197 3838 1290 3904 dicit:

166 3922 307 4007 „siquis
336 3925 504 3991 ornandus
534 3936 592 4006 est,
623 3948 688 3992 non
718 3929 788 3991 sine
818 3926 996 3991 adiectione
1019 3923 1159 4009 quadam
1188 3923 1291 3989 homi-

163 4031 250 4086 nem,
273 4009 329 4075 sed
353 4011 461 4094 potius
476 4014 620 4087 „virum“
636 4013 748 4077 Latini
761 4012 903 4078 dicuut.“
940 4013 1016 4076 Non
1028 4030 1190 4093 assequor,
1208 4029 1291 4092 quae

163 4096 206 4158 sit
235 4095 266 4158 h.
288 4097 308 4160 l.
332 4097 446 4162 Wolfii
480 4096 691 4180 percensendi
725 4097 895 4163 subtilitas.
941 4097 1056 4162 Cicero
1089 4097 1177 4160 enim
1210 4094 1290 4158 adeo

163 4200 231 4246 uon
260 4183 366 4266 potuit
396 4204 453 4249 uec
476 4184 588 4279 'veluit
620 4185 654 4248 in
682 4184 743 4249 hac
776 4186 922 4248 oratione
945 4182 1134 4266 Pompeium
1163 4200 1289 4259 ornare,
