2962 4836
631 237 803 297 -ee.„

149 405 264 473 doetus
298 421 427 473 summo
461 406 582 471 oratori
611 410 716 471 oertos
749 406 907 489 quosdam
941 406 1024 471 fines
1058 401 1282 486 terminosque

149 491 328 570 eonstituit,
363 501 458 558 extra
491 511 572 574 quos
609 491 767 559 excedere
800 493 892 559 nefas
924 513 995 559 esse
1028 495 1132 575 putot
1184 486 1282 569 Quod

149 599 216 642 nou
249 577 380 643 fecisset
413 585 470 642 aut
499 584 586 643 certe
615 576 803 658 modestius,
833 579 860 642 si
890 580 960 662 ipse
991 575 1175 655 „fideliore“
1202 595 1282 640 usus

150 669 236 728 esset
270 663 444 742 memoria,
486 670 545 727 aut
584 664 767 729 aeouratius
800 664 902 731 Tullii
937 685 1033 730 usum
1068 661 1282 728 observasset.

148 749 214 816 Hie
247 750 338 813 enim
369 748 432 815 hae
470 748 575 814 forma
614 768 694 815 usus
734 757 784 816 est
823 751 859 815 in
893 749 976 816 libro
1011 748 1051 814 de
1091 754 1158 812 nat.
1193 744 1281 810 deor.

148 835 199 913 II,
224 838 273 912 52,
302 838 356 899 131
385 834 510 912 „multa
535 835 861 902 commemorabilia.“
887 873 927 883 —
956 835 1029 903 Hoo
1059 833 1130 900 loeo
1162 838 1282 911 autem,

150 919 190 983 de
212 942 276 1003 quo
299 922 435 1004 agimus,
459 919 561 987 multo
585 922 692 1004 aptius
715 929 765 988 est
787 921 829 986 ad
851 922 1047 988 seutentiam
1070 916 1152 984 illud
1177 937 1283 993 „eom-

150 1005 382 1084 memorabili‚“
424 1026 524 1089 quam
557 1007 698 1091 simplex
734 1007 987 1085 „memorabili,“
1023 1005 1109 1089 quod
1139 1004 1282 1069 Wolfius

151 1091 326 1172 desiderat3
350 1091 439 1159 haud
461 1092 560 1157 dubie
579 1095 668 1158 enim
690 1095 826 1178 gravius
849 1103 900 1159 est
928 1092 1129 1159 adieetivum
1152 1109 1283 1172 oempo·

150 1179 252 1242 situm
277 1185 310 1243 et
331 1200 397 1244 non
419 1177 626 1244 mediooriter
647 1186 746 1263 auget
771 1180 941 1263 ‚.pietatis“
966 1179 1055 1244 illius
1076 1174 1216 1242 laudem.
1240 1212 1283 1223 -

149 1264 237 1329 Num
262 1265 399 1329 verbum
423 1263 586 1341 „obtutis
612 1263 696 1346 quod
727 1265 763 1332 in
798 1266 911 1332 eadem
946 1269 969 1349 p.
996 1264 1127 1349 legitur,
1150 1283 1170 1327 a
1192 1260 1283 1326 (liee-

150 1371 230 1414 rone
250 1351 407 1434 seriptum
429 1351 479 1429 sit,
504 1371 702 1432 quamquam
725 1351 866 1418 aliorum
896 1351 1039 1418 loeorum
1070 1347 1284 1415 similitudine

150 1436 205 1513 (ad
228 1437 297 1499 Att.
323 1436 420 1500 VIII.
445 1440 474 1513 6,
503 1439 521 1500 3
551 1443 584 1500 et
611 1436 707 1503 Facit
735 1440 827 1505 Anu.
861 1437 923 1501 XI.
960 1440 1015 1511 31)
1045 1435 1154 1518 aliquo
1186 1431 1284 1497 modo

149 1528 259 1606 potest
281 1520 420 1601 delendi,
444 1520 622 1587 diiudicare
646 1544 711 1587 non
734 1525 848 1596 ausim.
893 1523 1014 1588 Remi
1038 1521 1107 1587 itur
1117 1521 1153 1585 in
1175 1516 1284 1584 medio

151 1606 318 1689 relinqu0;
349 1608 563 1690 nequeenim
587 1607 668 1672 mihi
698 1610 836 1693 contigit
864 1629 965 1692 usque
996 1543 1037 1674 ad
1059 1608 1121 1673 hoo
1151 1612 1282 1687 tempus

151 1713 192 1759 ex
211 1692 325 1757 multis
346 1693 412 1757 illis
434 1700 468 1757 et
490 1701 557 1757 tam
580 1694 683 1759 variis
711 1697 859 1762 oodioum
888 1693 1091 1771 leotionibus,
1123 1692 1282 1757 veriorem

151 1788 185 1844 et
206 1778 456 1862 probabiliorem
475 1779 672 1861 seripturam
698 1802 812 1848 eruere
832 1780 886 1845 vel
909 1781 1092 1846 restituere.

237 1864 307 1929 Neo
329 1865 448 1944 miuus,
471 1886 568 1947 quam
594 1864 647 1932 hio
671 1865 769 1944 loeus,
793 1889 840 1945 ea,
864 1887 946 1949 quae
968 1866 1004 1931 in
1026 1868 1050 1949 q.
1076 1869 1122 1930 ll.
1141 1867 1282 1939 exstant,

152 1949 368 2029 decentiam
392 1950 570 2033 exemplar,
594 1951 681 2016 unde
703 1953 736 2017 hi
760 1952 887 2020 oodioes
916 1952 1076 2037 originem
1106 1949 1282 2025 duxerunt,

151 2034 266 2103 multis
287 2035 367 2103 loeis
390 2035 580 2102 mutilatum
603 2037 712 2104 fuisse.
757 2040 872 2122 Neque
894 2040 980 2104 enim
1005 2058 1094 2102 ame
1106 2037 1283 2117 impetrare

152 2143 297 2205 possum,
321 2131 358 2187 ut
379 2129 502 2204 putem,
525 2122 619 2186 haee:
652 2145 752 2208 „quae
781 2125 912 2208 quidem
938 2130 1030 2189 tanta
1053 2132 1112 2198 est,
1147 2127 1183 2185 ut
1216 2126 1229 2183 t
1268 2155 1282 2168 ·

127 2207 241 2291 paeis
265 2214 297 2273 et
319 2208 542 2273 monumentis
566 2210 630 2274 tuis
653 2210 802 2277 adlatura
824 2212 923 2277 finem
947 2211 989 2275 sit
1011 2218 1101 2274 aetas
1133 2244 1168 2254 -
1200 2204 1282 2275 nihil

152 2300 202 2358 est
225 2295 313 2358 euim
336 2315 433 2377 opere
446 2301 504 2359 aut
517 2297 759 2376 manufactum,
773 2296 858 2381 quod
870 2317 937 2362 uon
949 2292 1122 2378 aliquando
1134 2291 1283 2358 oonfioiat

152 2389 186 2443 et
208 2387 378 2445 oonsumat
400 2387 548 2446 vetustas
567 2416 607 2426 -
626 2390 659 2446 at
681 2384 762 2449 haee
786 2391 842 2447 tua
860 2381 986 2448 iustitia
1005 2379 1168 2446 etleuitas
1181 2377 1282 2443 animi

152 2465 295 2530 floresoit
305 2465 449 2548 quotidie
461 2466 574 2549 magis,
586 2467 641 2542 lta,
656 2476 692 2532 ut
704 2476 862 2550 quantum
876 2468 942 2534 tuis
954 2466 1105 2551 operibus
1117 2462 1282 2530 diuturni-

151 2560 202 2615 tas
214 2550 372 2628 detrahet,
397 2558 524 2616 tuntum
548 2551 686 2618 adferat
707 2554 876 2620 laudibus“
900 2554 1039 2630 uthaeo,
1057 2553 1201 2633 inquam,
1214 2556 1300 2613 tem¹

152 2636 295 2721 eleganti
306 2637 457 2720 scriptori
475 2638 643 2720 imputem,
665 2639 1054 2724 nequeadduoipossum,
1077 2644 1113 2701 ut
1123 2635 1281 2702 Riehtero

153 2722 314 2787 assentiar
328 2721 390 2788 hoe
412 2723 486 2785 α’νακ
499 2729 608 2788 lovea
630 2726 848 2791 eouoitatioris
860 2727 1016 2791 orationis
1029 2744 1100 2790 esse
1112 2721 1279 2787 statuenti.

153 2806 242 2889 Quid
265 2809 352 2873 euim
376 2808 432 2873 sit:
456 2808 567 2887 „Haeo
589 2818 755 2877 restante
777 2820 836 2889 est,
865 2818 903 2877 ut
924 2812 1280 2894 tropaeisssmonumen·

154 2895 259 2976 tisque
283 2894 347 2959 tuis
365 2893 509 2959 allatura
531 2896 630 2960 finem
652 2897 696 2961 sit
726 2903 833 2963 aetas“
864 2919 906 2961 ne
940 2896 1119 2961 divinando
1149 2891 1279 2979 quidem

152 2980 310 3063 intelligo,
335 3002 396 3046 nso
420 2980 530 3058 alium,
554 2982 609 3063 qui
632 2989 746 3048 utatur
767 2983 856 3050 salvo
878 2983 1008 3062 iudieio,
1023 2982 1160 3065 assequi
1179 3000 1281 3065 posse,

153 3066 425 3131 oonfirmaverim.
473 3067 521 3131 Ao
544 3067 609 3132 iam
632 3068 712 3135 alios
734 3070 913 3135 inhaesisse
936 3070 968 3133 iu
991 3068 1049 3134 illa
1078 3069 1189 3154 inepta
1210 3088 1281 3132 sen-

152 3151 265 3229 tentia,
288 3151 465 3218 ostendunt
477 3154 570 3219 varia
591 3153 653 3220 loei
676 3153 813 3221 sanandi
832 3155 882 3220 vel
897 3154 1089 3220 restituendi
1101 3155 1281 3219 eonamina.

152 3236 192 3301 Id
216 3244 327 3301 tamen
354 3237 458 3321 magis
486 3237 536 3302 illi
562 3239 667 3322 egisse
697 3239 858 3318 videntur,
892 3248 930 3305 ut
963 3240 1107 3307 oodioum
1141 3240 1282 3324 vestigia

153 3323 254 3388 seeuti
278 3323 477 3406 probabilem
500 3326 712 3390 restituerent
734 3326 923 3393 eonieiendo
950 3328 1157 3404 sententiam,
1183 3347 1281 3409 quam

153 3415 190 3472 ut
211 3416 414 3491 quaererent,
436 3408 524 3474 unde
547 3410 628 3475 haee
650 3412 836 3494 eorruptela
857 3419 929 3478 orta
941 3434 1010 3478 esse
1028 3413 1175 3496 putanda
1187 3420 1281 3477 esset.

153 3494 314 3577 Equidem
336 3493 414 3578 quid
436 3495 498 3562 hae
521 3494 561 3561 de
584 3518 619 3560 re
647 3498 796 3576 sentiam,
825 3497 979 3564 brevibus
1007 3520 1180 3582 exponam.
1225 3495 1282 3563 Sia

153 3579 221 3644 fero
251 3579 372 3645 laetum
411 3601 482 3646 esse
516 3588 610 3663 puto,
650 3591 686 3647 ut
718 3584 819 3650 loeus·
844 3582 1086 3650 deformaretur.
1139 3583 1282 3649 Librarii

153 3664 236 3729 oeuli
258 3664 495 3730 aberraverunt
518 3688 537 3731 a
558 3668 719 3750 particula
743 3677 818 3747 „ut“
841 3690 938 3752 quam
961 3678 1035 3752 post
1057 3671 1158 3736 verba
1171 3675 1282 3749 „tauta

154 3757 222 3816 ost“
237 3751 403 3815 exstitisse
424 3752 459 3815 in
471 3752 647 3838 arohetypo
669 3756 847 3820 verisimile
869 3764 928 3834 est,
946 3757 986 3821 ed
998 3757 1098 3836 illam,
1111 3777 1192 3839 quae
1205 3762 1281 3821 ante

153 3835 348 3901 voeabulum
371 3838 512 3918 tropaeis
545 3838 674 3922 legitur,
708 3849 741 3907 et
774 3841 882 3919 verba,
911 3863 994 3924 quae
1026 3843 1282 3909 interoesseruut

154 3921 272 3986 omisit.
309 3920 398 4002 Quot
416 3932 525 3988 autem
548 3932 580 3988 et
602 3946 686 4009 quae
707 3925 1017 3994 interoiderinteius
1040 3926 1281 4008 inauria‚hodie

154 4006 285 4074 difficile
308 4013 358 4073 ost
381 4006 568 4087 diiudieatu‚
591 4032 790 4095 quamquam
810 4012 864 4078 vix
884 4012 980 4096 plura
1008 4014 1107 4080 fuisse
1135 4013 1283 4097 putanda

155 4102 242 4172 sunt,
266 4113 362 4174 quam
387 4115 469 4176 quae
487 4095 586 4160 unius
609 4118 723 4163 versus
740 4099 844 4180 spatio
862 4101 1100 4166 eontineantur.
1126 4102 1282 4166 Attamen

156 4198 237 4265 quae
260 4181 422 4245 sententia
444 4179 526 4245 mihi
549 4183 714 4268 requirere
726 4185 888 4264 videatur,
902 4206 1050 4270 quaeque
1067 4193 1105 4251 ut
1119 4187 1283 4255 interiisse
