2962 4836
638 196 807 261 ..20-

159 364 321 447 rulliano,
349 367 377 432 si
401 376 564 432 oratorem
587 366 628 431 ad
650 365 736 433 hanc
757 365 976 449 parsimoniae
1004 365 1112 450 legem
1132 374 1287 435 revocare

158 458 191 515 et
213 450 248 514 iu
269 449 331 518 has
352 452 524 536 angustias
545 450 738 535 compellere
756 451 924 518 velimus.“

243 535 363 602 Paullo
392 537 488 602 aliter
509 535 681 601 Weiskius
708 537 868 603 succurrit
891 537 1056 604 Ciceroni:
1094 537 1286 616 „Peccasset

158 627 300 701 auctor,“
325 624 353 689 si
372 623 528 691 voluisset
548 623 696 701 scribere,
723 623 858 700 „comite
874 623 1031 688 itineris.“
1066 622 1152 688 Nem
1171 644 1193 688 a
1211 644 1283 688 cur·

158 705 261 774 riculo
283 709 422 791 petierat
443 709 680 790 metaphoram.
726 708 822 774 Hanc
845 716 883 774 ut
903 716 1062 785 servaret,
1092 730 1197 791 neque
1219 728 1284 772 uno

158 793 443 859 verbodefunctus
465 801 498 858 et
520 792 705 877 adpropria
726 793 1018 859 statimrevolutus
1041 794 1147 859 locum
1163 792 1282 858 durum

156 877 287 959 faceret,
304 879 441 945 subiecit
465 880 576 962 „quasi
598 878 691 963 quod.
712 901 735 944 s.
761 886 820 944 etc.
845 879 1000 951 Ceterum
1019 878 1156 945 idoneus
1178 889 1212 944 et
1233 879 1283 943 in·

157 969 251 1047 teger
282 963 381 1029 iudex
413 985 513 1048 prope
542 968 583 1029 e'x
616 966 688 1047 ipsa
719 966 882 1030 sententia
911 964 1103 1031 Ciceronem
1132 970 1284 1048 agnoscet

158 1055 332 1133 auctorem.
378 1050 510 1115 Etenim
539 1050 776 1116 incredibiliter
795 1049 852 1115 ille
878 1048 1083 1117 excitabatur
1105 1050 1282 1115 amicorum

157 1133 289 1216 paribus
307 1134 424 1201 studiis
442 1145 475 1200 et
492 1135 877 1216 honesta'aemulatione,
895 1157 1001 1219 neque
1015 1156 1080 1202 uuo
1098 1137 1167 1201 loco
1185 1142 1282 1200 testa-

156 1225 221 1299 tur,
243 1241 357 1286 eorum
378 1241 455 1286 casu
478 1219 587 1286 studia
608 1242 668 1286 sua
689 1221 902 1306 elanguisse.“

240 1305 420 1390 Utriusque
450 1306 594 1371 defensio
622 1328 700 1372 sane
728 1307 828 1372 habet
854 1307 941 1371 haud
970 1307 1122 1391 exiguam
1149 1327 1282 1390 persua·

156 1389 254 1456 dendi
277 1390 361 1471 vim;
390 1398 501 1457 tamen
530 1393 637 1457 neutri
666 1412 798 1474 prorsus
827 1392 1073 1458 assentiendum
1102 1414 1182 1470 esse,
1211 1392 1282 1458 loco

155 1476 274 1540 iterum
308 1477 491 1560 iterumque
530 1477 689 1560 perlecto,
728 1478 913 1562 intelligere
951 1477 1033 1543 mihi
1073 1479 1162 1544 visus
1199 1499 1280 1543 sum.

155 1560 269 1626 Oiooro
292 1561 389 1639 enim,
410 1563 439 1627 si
460 1561 539 1645 quid
561 1562 666 1641 video,
696 1563 869 1630 coniunxit
891 1563 992 1629 verba
1016 1564 1162 1641 „aemulo
1183 1571 1282 1645 atque

153 1646 317 1712 imitatore
329 1647 530 1713 studiorum“
551 1655 585 1712 et
602 1647 718 1714 deinde
739 1669 795 1726 „ac
812 1648 959 1714 laborum
979 1650 1064 1714 socio
1082 1657 1115 1714 et
1132 1649 1279 1724 comite‚“

155 1731 196 1796 ad
218 1752 301 1815 quae
322 1733 474 1818 imaginis
492 1733 686 1800 molliendae
708 1756 806 1801 causa
828 1733 953 1800 addidit
975 1735 1087 1817 „quasi
1108 1733 1279 1817 quodam.“

156 1817 336 1901 Numquid
358 1818 402 1883 sit
425 1819 590 1898 „imitator
603 1828 636 1886 st
648 1820 796 1885 aemulus
807 1821 1020 1898 studiorum,“
1045 1820 1121 1897 scio,
1134 1818 1191 1885 sed
1202 1818 1280 1902 quid

157 1903 217 1968 sibi
237 1904 316 1970 velit
341 1904 507 1981 „aemulus
526 1912 559 1970 et
579 1905 724 1971 imitator
741 1905 911 1972 laborum‘⁴
935 1926 1002 1971 non
1020 1926 1184 1989 assequor,
1207 1922 1281 1971 cum

153 1988 281 2061 labores
303 1987 386 2054 nihil
408 1990 558 2067 habeant,
582 1990 667 2074 quod
690 1991 731 2056 ad
751 1992 947 2057 imitandum
969 1991 1097 2057 invitet.
1134 1990 1280 2056 Labores

155 2082 263 2138 autem
296 2082 374 2139 sunt
402 2077 434 2140 ei
464 2074 679 2160 intelligendi,
698 2099 794 2160 >quos
823 2078 890 2143 vita
923 2078 993 2143 eius
1020 2078 1091 2157 fert,
1115 2077 1171 2160 qui
1200 2097 1279 2154 rem,

144 2158 317 2242 publicam
339 2161 521 2243 capessivit.
557 2161 673 2245 Itaque
695 2163 861 2245 aptissime
883 2163 1060 2229 Marcellus
1082 2185 1102 2228 a
1123 2162 1281 2229 Cicerone

154 2245 313 2327 appellari
334 2248 439 2328 potnit
460 2246 608 2311 laborum
631 2269 765 2313 suorum
787 2248 880 2331 quasi
901 2248 1007 2314 socius
1029 2255 1063 2313 et
1083 2269 1198 2313 comes.
1241 2246 1279 2313 si

155 2330 255 2413 igitur
294 2352 473 2414 pronomen
509 2332 603 2409 „illo“
644 2340 803 2399 commate
843 2332 1033 2399 distinxeris
1066 2356 1085 2400 a
1123 2332 1279 2401 vocabulo

157 2415 322 2493 „aemulo“
342 2423 376 2481 et
397 2417 496 2483 verba
514 2417 559 2482 ita
579 2420 797 2497 coniunxeris,
816 2425 852 2484 ut
870 2419 1035 2503 genitivus
1055 2419 1276 2496 „studiorumr

154 2500 195 2564 ad
222 2502 323 2566 verba
354 2503 500 2578 „aemulo
528 2511 625 2587 atque
651 2505 835 2568 imitatore“
867 2512 901 2568 et
926 2525 994 2569 vox
1025 2504 1211 2582 ,laborum‘
1237 2526 1278 2570 ox
1309 2558 1311 2563 .

154 2585 264 2651 verbis
289 2587 400 2669 „quasi
422 2588 561 2670 quodam
587 2589 675 2654 socio
702 2625 735 2634 -
761 2597 794 2655 et
815 2592 950 2656 comito“
974 2589 1129 2672 pendeat,
1146 2590 1278 2654 existet

154 2672 290 2737 chiasmi
312 2673 425 2754 forma,
453 2695 549 2757 quam
572 2676 619 2740 eis
641 2675 729 2755 locis,
758 2676 876 2759 quibus
904 2675 976 2759 plus
999 2674 1151 2758 ponderis
1171 2677 1278 2739 inesse

156 2757 260 2822 voluit
282 2757 405 2837 Cicero,
428 2759 458 2822 ei
481 2760 726 2826 usitatissimam
750 2761 849 2826 fuisse
872 2767 1010 2839 constat,
1041 2781 1100 2826 nec
1122 2759 1190 2824 ulla
1211 2759 1277 2823 iam

155 2844 226 2922 erit,
253 2864 305 2909 me
327 2843 459 2927 quidem
480 2845 588 2911 iudice
609 2847 737 2912 inutilis
760 2846 812 2912 vel
835 2847 972 2911 molesta
993 2844 1166 2927 appendix,
1195 2863 1277 2925 quae

154 2927 342 2994 defensione
364 2937 465 3013 egeat.
511 2929 578 2996 Sed
608 2931 728 2997 dixerit
756 2932 926 3015 quispiam,
953 2952 1066 2997 vocem
1091 2934 1277 3007 „meorum“.

153 3022 226 3096 post
256 3014 451 3081 vocabulum
477 3017 662 3094 „laborum“
688 3018 827 3100 positum
856 3016 981 3096 docere,
1012 3015 1074 3081 hoa
1102 3025 1173 3080 arte
1201 3035 1277 3081 cum

153 3121 233 3166 voco
266 3099 487 3179 ,studiorum“
523 3102 784 3188 coniungendam
818 3124 898 3168 esse.
954 3105 1109 3167 Attamen
1142 3123 1185 3164 ex
1216 3100 1278 3163 hae

153 3186 327 3251 verborum
348 3176 560 3259 collocatione
584 3189 638 3253 vix
660 3188 837 3272 quidquam
866 3188 976 3273 colligi
1003 3195 1123 3270 potest,
1149 3205 1223 3251 cum
1244 3192 1278 3248 et
1393 3242 1395 3245 .

152 3271 279 3337 Nonius
308 3272 486 3338 Marcellus
516 3296 546 3357 p.
570 3278 683 3355 23111
714 3282 747 3339 et
774 3273 911 3340 Servius
941 3272 983 3338 ad
1005 3273 1104 3355 Verg.
1129 3270 1276 3334 Aem'V.

156 3361 214 3421 187
238 3358 326 3423 huno
347 3357 492 3424 ordinem
517 3360 735 3425 servaverint:
765 3358 821 3422 illo
844 3358 972 3424 aemulo
993 3365 1091 3438 atque
1113 3355 1277 3420 imitatore

152 3442 335 3509 studiorum
369 3465 513 3510 meorum
543 3466 580 3509 ac
607 3444 756 3510 laborum
778 3451 810 3508 et
832 3464 860 3525 q.
891 3464 969 3521 sec,
999 3463 1083 3524 quae
1115 3442 1278 3524 scriptura

152 3529 307 3593 maiorem
338 3529 535 3614 integritatis
562 3531 703 3614 speciem
731 3550 809 3613 prae
831 3526 868 3593 se'
893 3527 979 3592 ferre
1010 3525 1148 3604 videtur,
1178 3546 1275 3609 quam

152 3634 233 3695 quae
265 3613 301 3677 in
331 3612 494 3680 codicibus
526 3622 641 3680 exstat.
665 3651 706 3661 -
737 3613 864 3678 Deinde
897 3614 932 3677 in
963 3616 986 3697 ξ.
1022 3613 1119 3677 tertia
1152 3611 1277 3676 dubitat

151 3698 302 3778 Wolfius,
326 3722 406 3764 uum
429 3701 507 3766 ferri
528 3702 629 3783 possit
658 3699 794 3780 ,iudicio
816 3700 987 3764 maxinro.“
1034 3697 1130 3778 Quod
1151 3719 1192 3761 ex
1213 3716 1274 3761 usu

153 3783 306 3848 Tulliano
333 3785 456 3850 dictum
485 3808 555 3851 esse
582 3786 753 3852 Wormius
785 3787 849 3851 iam
882 3784 991 3850 docuit
1020 3783 1071 3850 his
1100 3782 1275 3865 exemplis:

151 3866 215 3934 Pro
237 3869 298 3953 leg.
322 3869 435 3934 Manil.
458 3892 485 3936 o.
512 3876 548 3935 15
575 3872 633 3949 ,de
656 3894 718 3955 quo
741 3880 835 3936 tauta
858 3879 891 3935 et
912 3880 980 3937 tam
1003 3868 1171 3953 praeclara
1192 3865 1275 3931 iudi·

152 3953 202 4020 cia
222 3955 363 4020 fecistis“
388 3954 463 4020 ibid.
482 3977 508 4021 c.
530 3962 567 4021 16
593 3958 753 4034 „Potestis
771 3958 985 4031 constituere,
1009 3955 1169 4034 Quirites,
1191 3952 1276 4016 hanc

152 4042 380 4108 auctoritatem
393 4078 437 4089 -
450 4043 578 4124 magnis
589 4043 707 4108 vestris
723 4041 852 4107 iudiciis
863 4042 1093 4123 amplificatam
1105 4048 1163 4102 ete.
1188 4037 1275 4102 Phil.

17 4192 33 4215 κ
151 4124 178 4190 Ι.
196 4132 230 4191 lb
249 4125 368 4193 iudicia
386 4126 496 4210 populi
508 4127 651 4193 Romani
669 4128 760 4194 vobis
773 4149 891 4212 magna
904 4124 1126 4192 videbantur.“
1151 4122 1275 4188 Eodem
