2962 4836
694 175 867 263 ’,35-

219 369 392 452 videntur,
423 364 484 438 hoc
514 393 642 457 quoque
673 371 745 438 loeo
773 360 994 456 corruptelam
1031 369 1237 439 statuendam
1271 395 1351 455 esee,

220 464 316 542 atque
339 463 407 524 tota
436 459 498 526 loci
526 459 698 537 sententia,
729 479 813 541 quae
842 464 953 542 aperte
983 454 1151 526 Ciceronis
1180 461 1351 546 ingenium

220 544 332 644 spirat,
356 567 414 610 nos
437 547 525 630 cogit
545 544 793 628 quodammode,
816 552 853 609 ut
871 554 1032 610 oratorem
1058 567 1258 630 „sensusque
1275 555 1349 613 eos“

220 631 387 714 scnpeisse
420 642 584 717 putemus,
615 631 649 695 id
682 630 767 714 quod
800 631 867 695 iam
888 631 1042 696 Faernus
1076 632 1205 698 rest‘tui
1233 633 1349 705 uoluit.

218 717 390 783 Habemus
411 719 514 803 igitur
536 717 840 782 manifestissimum
864 716 896 781 h.
919 716 940 782 l.
964 737 1081 800 operae
1104 718 1230 784 librarii
1250 720 1351 785 vesti·

188 852 191 858 ι
219 803 328 954 ςὶιᾶιφ,
359 804 445 886 quod
475 803 606 882 doceat,
638 803 750 886 quales
780 801 946 869 iudicandi
976 804 1045 870 sint
1073 803 1170 870 huius
1198 806 1353 870 orationis

219 909 256 955 eo
292 910 354 956 ces.
431 924 432 927 ¹

304 975 348 1041 In
360 975 475 1040 eadem
486 977 509 1059 ξ.
524 973 668 1039 Wolfius
685 973 883 1058 perstringit
905 973 1072 1053 audaciam
1085 975 1250 1061 imaginis,
1267 997 1351 1060 quae

219 1061 299 1126 insit
320 1061 354 1127 in
376 1060 503 1129 verbis:
535 1061 712 1140 „Parietes
734 1081 787 1125 me
809 1058 882 1125 dius
905 1059 1017 1141 fidius,
1041 1069 1081 1125 ut
1101 1061 1186 1126 mihi
1207 1063 1350 1144 videtur,

219 1147 317 1214 huius
345 1149 454 1214 curiae
483 1147 543 1213 tibi
571 1147 694 1231 gratias
720 1166 818 1230 agere
848 1146 1031 1230 gestiunt“:
1076 1147 1184 1232 Negat
1212 1157 1246 1213 et
1272 1171 1347 1233 per-

207 1240 333 1318 negat,
374 1254 446 1300 eam
493 1233 742 1298 Ciceronianam
788 1252 876 1310 asse,
922 1241 955 1296 et
994 1240 1105 1298 censet
1135 1234 1251 1313 talem,
1281 1245 1349 1300 tam

218 1320 384 1400 audacem,
407 1342 459 1385 ne
472 1319 559 1403 apud
588 1319 694 1384 ullum
722 1318 853 1401 quidem
884 1319 1080 1417 scriptorem
1109 1341 1152 1384 ex
1179 1320 1236 1385 illo
1264 1324 1354 1385 anti·⁴
1463 1322 1464 1325 ’

218 1406 367 1489 quiorum
389 1413 423 1471 et
445 1405 655 1472 classicorum
677 1403 792 1469 ordine
814 1406 961 1486 reperiri.

303 1492 347 1556 H.
376 1491 543 1575 Sauppius
574 1490 804 1556 dilectissimus
833 1497 1026 1573 praeseptus
1058 1490 1233 1574 aliquando
1262 1490 1348 1558 hane

218 1598 367 1643 normam
389 1577 567 1662 proposuit.
613 1577 754 1642 Necesse
777 1597 848 1641 esse
870 1575 964 1655 dixit,
986 1584 1026 1640 ut
1049 1577 1087 1656 is,
1109 1578 1165 1660 qui
1187 1585 1348 1645 oratorem

218 1664 360 1747 aliquem
382 1673 523 1729 tractare
546 1663 653 1743 vellet,
685 1670 761 1727 ante
783 1662 894 1727 omnia
917 1663 1027 1727 vivam
1051 1662 1120 1728 eius
1143 1666 1236 1746 quasi
1265 1666 1347 1730 ima-

139 1762 146 1773 “
218 1751 328 1834 ginem
362 1749 532 1900 cogitando
565 1748 626 1814 sibi
660 1747 841 1831 effingeret,
870 1748 918 1812 ita
946 1755 983 1812 ut
1004 1770 1077 1813 eam
1110 1749 1202 1832 quasi
1236 1752 1347 1817 animo

218 1836 339 1902 intueri
362 1837 394 1903 vi
417 1844 536 1902 eretur.
587 1835 651 1900 Oui
668 1835 806 1918 imagini
828 1835 855 1898 si
877 1834 955 1917 quid
977 1834 1127 1899 omnibus
1160 1837 1348 1902 verisimili·

218 1921 342 1988 tudinis
380 1921 554 1987 momentis
588 1919 829 1986 accuratissime
866 1919 1037 2003 pensitatis
1073 1942 1139 1986 non
1174 1925 1348 1990 convenire

217 2008 444 2088 intellexisset,
469 2017 538 2072 tum
560 2005 691 2071 demum
709 2006 743 2072 id
765 2004 805 2071 ab
823 2027 861 2071 eo
879 2005 1001 2071 dictum
1023 2007 1076 2073 vel
1094 2008 1251 2090 seriptum
1276 2011 1348 2075 iure

218 2116 293 2160 eum
315 2116 411 2179 posse
432 2115 562 2178 negare.

303 2182 412 2246 Huius
434 2181 602 2264 praecepti
623 2197 749 2244 memor
777 2177 818 2243 ad
847 2179 933 2244 hanc
962 2179 1144 2245 orationem
1172 2179 1346 2264 legendam

218 2268 338 2334 accessi
361 2276 396 2332 et
416 2287 545 2349 semper
568 2265 761 2331 Ciceronem
784 2284 842 2348 pro
864 2265 1023 2330 Marcello
1049 2265 1236 2349 loquentem
1264 2267 1347 2332 mihi

217 2353 300 2418 finxi
335 2373 461 2418 summo
490 2350 619 2418 dicendi
664 2348 779 2416 ardore
807 2349 997 2430 incitatum3
1025 2373 1089 2434 quo
1123 2353 1246 2418 factum
1275 2375 1346 2419 esse

217 2449 306 2521 puto,
336 2450 372 2504 ut
399 2460 465 2504 non
492 2459 573 2518 eam,
603 2458 702 2520 quam
730 2435 874 2501 Wolfius
903 2437 1040 2517 invenit,
1070 2438 1280 2503 insolentiam
1309 2441 1345 2504 in

217 2523 274 2589 illa
295 2527 403 2610 figura
424 2525 533 2590 inesse
555 2522 711 2589 viderem.
763 2521 831 2587 Sed
858 2544 900 2588 ne
929 2543 1018 2588 nnnc
1039 2522 1171 2606 quidem
1201 2525 1346 2608 perlecta

216 2610 332 2677 Wolfii
356 2611 569 2677 adnotatione
591 2609 769 2693 quidquam
790 2604 823 2672 in
846 2629 884 2674 ea
912 2610 1061 2676 invenire
1088 2631 1230 2693 possum,
1259 2612 1345 2693 quod

216 2696 370 2763 audacius
411 2698 464 2776 sit,
503 2718 601 2779 quam
641 2702 679 2760 ut
717 2717 736 2759 a
771 2695 929 2760 Oioerone
967 2696 1147 2779 profectum
1181 2706 1343 2780 putemus.

216 2781 382 2849 Sexcenta
403 2784 491 2847 enim
513 2781 595 2846 mibi
616 2783 651 2845 in
669 2787 824 2865 promptu
847 2790 925 2859 sunt
942 2782 1099 2865 exempla,
1128 2802 1212 2866 quae
1230 2788 1344 2847 utrum

215 2867 296 2950 plus,
318 2890 362 2934 an
382 2870 492 2934 minus
504 2867 647 2934 habeant
658 2867 820 2944 audaciae,
845 2888 942 2950 quam
954 2868 1117 2948 hiclceus
1137 2869 1197 2934 vix
1215 2888 1344 2933 summa

215 2953 379 3020 iudicandi
402 2953 583 3021 subtilitate
606 2952 760 3032 constitui
783 2954 894 3036 possit,
918 2974 999 3036 quae
1029 2960 1141 3019 tamen
1174 2964 1350 3039 nunquam

216 3041 365 3124 cuiquam
394 3042 430 3105 in
456 3047 604 3104 mentem
638 3039 765 3105 venerit
795 3040 834 3104 ab
863 3040 924 3104 hoc
953 3048 1081 3105 oratore
1108 3040 1274 3106 abiudare,
1301 3078 1342 3087 —

187 3181 189 3185 .
215 3125 362 3207 Quorum
383 3126 543 3193 nonnulla
565 3126 682 3195 afferre
704 3126 807 3190 iuvat.
859 3125 899 3189 In
921 3126 1033 3191 Pison.
1057 3129 1093 3189 21
1125 3148 1200 3192 eum
1228 3147 1342 3192 omnes

214 3212 290 3278 boni
312 3212 416 3278 abditi
443 3212 626 3294 inclusique
655 3219 857 3290 maererent,
887 3211 1010 3294 templa
1043 3220 1228 3295 gemerent,
1256 3220 1342 3278 tecta

214 3297 285 3379 ipsa
308 3299 398 3364 urbis
419 3299 571 3382 lugerent
595 3334 633 3344 -
657 3306 690 3361 et
711 3294 780 3362 ibid
800 3299 823 3380 ξ.
848 3302 886 3361 52
909 3319 991 3380 quae
1009 3319 1061 3362 me
1083 3299 1131 3362 ita
1149 3299 1281 3382 aceepit,
1305 3306 1343 3363 ut

214 3381 313 3447 etiam
346 3385 476 3450 moenia
509 3385 581 3467 ipsa
614 3382 807 3449 viderentur
840 3388 874 3447 et
913 3392 1000 3450 tecta
1032 3384 1121 3449 urbis
1154 3393 1188 3450 et
1219 3385 1342 3470 templa

214 3467 331 3534 laetari
350 3505 391 3518 —-
405 3471 498 3535 Fam.
510 3470 571 3536 VI.
592 3474 620 3534 3.
655 3469 692 3533 In
713 3491 752 3534 ea
770 3491 804 3535 es
823 3468 913 3548 urbe,
933 3470 968 3533 in
987 3490 1058 3553 qua,
1077 3470 1158 3536 haec
1176 3471 1229 3537 vel
1247 3471 1342 3554 plura

212 3562 246 3620 et
263 3555 428 3621 ornatoria
445 3557 585 3640 parietas
606 3556 670 3641 ipsi
695 3555 785 3637 loqui
810 3555 987 3622 videantur
1015 3557 1136 3640 cipro
1164 3557 1279 3625 Plane.
1309 3562 1339 3637 8,

213 3645 261 3707 20.
287 3679 328 3689 -
349 3641 392 3706 In
414 3642 510 3709 Verr.
535 3647 562 3722 5,
587 3645 636 3706 67.
660 3641 804 3725 Philipp.
829 3645 858 3721 2,
885 3647 932 3706 15.
957 3678 997 3693 -

298 3728 402 3810 Adde,
426 3730 511 3813 quod
532 3728 709 3795 insolentia
730 3728 865 3812 figurae,
889 3728 917 3792 si
930 3749 996 3811 qua
1016 3736 1075 3810 est,
1097 3729 1193 3795 valde
1215 3729 1339 3795 lenitur

210 3814 329 3881 additis
351 3815 460 3883 verbis
485 3823 540 3895 „ut
557 3815 639 3879 mihi
662 3812 822 3881 videtur“.

295 3902 340 3967 Ei
362 3910 481 3981 autern,
505 3902 561 3984 qui
584 3902 772 3968 etiamnunc
805 3899 966 3980 dubitant,
996 3902 1086 3966 hunc
1115 3903 1222 3969 locum
1245 3903 1337 3969 (lice-

211 3990 283 4055 roni
314 3989 469 4066 tribuere,
498 3997 653 4070 reputent
680 4009 794 4055 ¹serrum
817 3988 913 4054 velim
934 3988 1032 4069 haec,
1063 4010 1144 4072 quae
1167 3989 1338 4056 Wormius

210 4075 273 4142 hac
295 4075 335 4142 de
356 4099 393 4142 re
415 4075 595 4140 rectissime
618 4074 769 4139 statuisse
792 4074 873 4138 mihi
895 4075 1033 4141 videtur.
1088 4075 1160 4153 „Ex
1186 4077 1338 4140 omnibus

209 4162 315 4248 inquit
336 4186 368 4249 p,
392 4167 443 4241 61,
466 4182 546 4253 quas
568 4169 681 4245 poetae
703 4168 736 4225 et
752 4162 911 4241 rhetores,
930 4184 1003 4227 cum
1027 4162 1247 4242 adornatum,
1267 4170 1336 4227 tum

1101 4263 1132 4319 3.
