2962 4836
616 259 785 324 ...10-

131 428 289 496 Marcello
306 428 543 511 „Simillimum
574 429 633 495 deo
661 430 789 497 iudieo“
812 452 842 514 p.
861 432 963 496 Maro.
986 430 1051 508 ΙΙΙ,
1084 434 1112 508 8,
1138 437 1176 494 'et
1204 428 1258 496 lib.

131 515 265 580 XXIII.
289 539 320 599 p.
348 520 437 581 1125.
485 517 648 593 „Tantum
671 518 749 582 abes
776 538 795 582 a
823 517 1020 600 perfectione
1041 516 1260 581 maximorum

132 622 279 682 operum,
302 609 339 667 ut
357 601 581 682 fundamenta,
604 624 687 684 quae
704 604 835 687 eogitas.
860 602 1158 668 nondumieeeris‘
1183 625 1213 668 v.
1229 623 1259 684 p.

132 688 234 753 Mare.
259 686 356 753 VIII.
377 694 434 752 25:
453 696 486 752 et
504 689 558 753 lib.
583 689 624 753 V.
648 711 678 771 p.
704 692 779 754 667:
804 690 869 765 „Ut
891 689 919 753 si
946 689 979 753 in
1005 687 1163 753 alterutro
1186 710 1259 770 pee-

131 772 272 839 eandum
306 775 359 850 eit,
390 774 501 838 malim
531 768 676 844 timidus.
710 795 806 856 quam
834 796 949 856 parum
980 773 1125 857 prudens
1154 772 1258 839 videri

132 882 162 925 v.
185 879 216 941 p.
230 859 480 925 MareelloVII.
502 863 574 924 21.“
602 895 636 905 -—
663 860 778 943 Itaque
800 882 874 926 earm
898 881 963 924 non
987 861 1084 924 affert
1099 872 1261 942 gramma·

131 945 215 1012 tiene
238 945 308 1010 eius
331 966 461 1024 nomen,
484 968 504 1011 a
526 968 589 1028 quo
607 947 711 1011 oratio
732 946 789 1011 illa
811 947 989 1028 composita
1011 947 1063 1023 sit,
1077 945 1258 1028 dooetquo-

131 1030 313 1108 dammodo,
335 1053 408 1096 eam
430 1033 509 1097 satis
532 1032 633 1097 fuisse
655 1042 768 1098 notam
790 1032 980 1115 aequalibus
1002 1039 1039 1096 nt
1060 1031 1257 1097 Tullianam.

130 1119 181 1182 Ao
215 1117 368 1198 profecto,
403 1116 432 1182 si
465 1117 517 1183 eui
549 1116 633 1183 forte
665 1118 796 1201 singula
827 1118 1016 1184 testimonia
1048 1138 1114 1182 non
1147 1118 1259 1200 magni
1302 1190 1303 1193 Ἴ

130 1202 278 1268 faeienda
306 1203 473 1281 videntur,
503 1205 621 1287 quippe
655 1226 696 1269 ex
729 1205 846 1285 quibus
876 1205 935 1269 vix
965 1203 1144 1287 quidquam
1177 1204 1258 1268 certi

131 1289 201 1354 erui
222 1289 334 1371 possit,
357 1289 386 1353 is
398 1296 509 1353 tamen
533 1289 824 1368 ooneederedebet‚
848 1291 968 1355 mirum
996 1290 1089 1354 illum
1112 1291 1258 1355 omnium

130 1394 325 1441 eonsensum
356 1375 479 1457 optimo
507 1374 579 1439 iure
611 1376 647 1440 in
680 1386 950 1460 argumentorum
979 1396 1116 1441 numero
1144 1376 1257 1441 referri

131 1482 234 1544 posse,
266 1460 385 1544 quibus
415 1482 512 1525 suum
543 1461 694 1527 Oieeroni
712 1484 794 1544 opus
824 1462 1015 1528 vindicetur.
1038 1499 1080 1510 -
1103 1460 1170 1528 Sed
1193 1482 1258 1527 non

130 1546 235 1612 solum
264 1547 468 1630 grammatici
499 1546 548 1611 illi
577 1549 769 1613 nominandi
801 1558 889 1626 sunt,
924 1548 1115 1614 sedetiam
1147 1547 1257 1624 refert,

130 1633 204 1699 aevi
225 1632 335 1710 medii,
356 1631 444 1715 quod
463 1642 610 1711 vocatur,
624 1643 657 1699 et
668 1634 885 1700 recentiorum
906 1642 1088 1718 temporum
1108 1633 1259 1698 homines

130 1718 242 1784 doetos
283 1738 538 1783 commemorare
579 1721 669 1784 volut
712 1720 977 1797 Melanthononr‚
1022 1718 1258 1798 Camerarium

130 1803 328 1882 Maeotium,
368 1804 577 1882 Lambinum,
618 1807 823 1883 limodiam,
865 1807 1080 1883 Gronovium,
1119 1827 1257 1887 quorum

129 1889 212 1956 nulli
235 1912 380 1972 unquam
402 1891 438 1956 in
460 1900 603 1956 mentem
626 1893 727 1970 venit,
750 1893 834 1958 hano
859 1891 1098 1957 oratiunculam
1120 1892 1156 1956 in
1186 1913 1257 1956 sus·

129 1977 291 2060 pioionem
313 1996 431 2042 vooare
453 1998 589 2059 eamque
609 1979 812 2062 suppositam
830 1978 982 2056 iudieare‚
1002 1977 1060 2043 sed
1076 1979 1132 2060 qui
1144 1998 1259 2042 omnes

129 2083 200 2127 eam
222 2074 387 2144 tamquam
417 2063 610 2144 opuseulum
640 2064 791 2130 omnibus
819 2065 998 2131 virtutibus
1028 2065 1179 2128 oratoriis
1207 2064 1259 2128 iu·

128 2156 289 2214 struetum
312 2147 585 2230 praedicaverunt
602 2158 635 2215 et
647 2150 968 2215 commendaverunt.
1013 2151 1137 2216 Mirum
1149 2157 1257 2214 autom

129 2243 224 2313 osset,
247 2235 274 2299 si
297 2234 332 2299 hi
356 2256 572 2317 omnos‚quos
594 2237 735 2301 multum
757 2237 792 2300 iu
816 2237 908 2301 libris
921 2236 1089 2302 (lioeronis
1111 2233 1256 2318 legendis

127 2332 161 2387 et
180 2320 383 2404 explicandis
406 2331 551 2386 versatos
579 2344 650 2388 esse
672 2324 804 2404 eiusque
826 2321 955 2387 dioendi
976 2323 1105 2405 generis
1128 2321 1255 2404 peritis·

128 2408 227 2472 simos
250 2405 352 2472 fuisso
374 2414 509 2485 eonstat,
532 2407 573 2475 ab
595 2409 651 2474 illo
668 2411 843 2492 personato
860 2408 1106 2491 'Pulliodeeepti
1129 2414 1254 2472 essent:

128 2493 200 2559 Nisi
223 2494 305 2557 forte
333 2486 506 2576 pleraeque
528 2502 640 2576 partes
661 2496 817 2559 orationis
847 2503 914 2558 tam
945 2504 1056 2578 aperte
1085 2494 1253 2576 ingenium

127 2586 162 2644 et
191 2578 460 2645 eonsuetudiuem
487 2582 608 2646 summi
637 2581 775 2645 oratoris
804 2602 883 2662 prae
911 2603 946 2646 so
979 2581 1064 2644 ferre
1091 2577 1256 2661 putandae

129 2680 215 2743 sunt,
238 2673 275 2730 nt
308 2687 422 2731 earnm
444 2665 659 2733 admiratione
692 2668 835 2747 pereussi
858 2667 907 2730 illi
937 2687 1004 2731 non
1034 2665 1180 2731 viderint
1200 2673 1257 2730 aut

128 2772 245 2835 parum
267 2751 515 2828 curaverintea
539 2752 810 2834 quibusWolfius
827 2774 862 2817 se
879 2752 1055 2818 adduolum
1079 2772 1149 2816 esse
1172 2750 1257 2815 dieat

130 2847 167 2902 ut
186 2845 285 2902 totam
310 2839 490 2902 orationem
511 2839 643 2903 falsario
666 2840 774 2904 neseio
797 2839 850 2905 oui
879 2838 1047 2903 tribueret.
1098 2836 1165 2902 Sed
1193 2836 1254 2910 fae,

129 2945 245 2989 vorum
268 2923 393 2989 vidisse
415 2926 797 3003 virumdoetum‚nonue
820 2923 996 2990 admodum
1021 2924 1140 2988 mirum
1163 2920 1255 2987 vide·

76 3068 79 3071 ,
129 3017 192 3089 tur,
215 3010 277 3075 nisi
299 3009 361 3076 hoe
383 3032 449 3075 non
471 3020 601 3076 exstare
634 3012 822 3094 exemplum
851 3011 982 3076 artificii
1007 3010 1096 3075 illius
1123 3006 1255 3081 falsarii,

128 3097 183 3178 qui
206 3095 240 3159 in
264 3095 326 3161 hao
345 3097 550 3162 oratiuncula
570 3097 794 3178 componenda
816 3106 882 3160 tam
906 3118 1006 3179 prope
1028 3095 1200 3164 secesserit
1214 3093 1255 3158 ad

127 3181 171 3258 id,
195 3180 280 3264 quod
302 3193 523 3265 proposuerat,
542 3182 718 3265 exemplar,
740 3194 778 3247 ut
800 3183 829 3248 ei
841 3183 1056 3266 emungeret,
1067 3181 1256 3246 acutissima

128 3268 277 3333 virorum
300 3267 467 3333 doetorum
488 3269 623 3352 ingenia
645 3290 702 3351 per
720 3267 1255 3349 totsaeoulasuaartepraestrin-

129 3374 207 3437 gere
235 3361 269 3418 et
298 3354 470 3437 desipere?
503 3383 543 3402 -
573 3355 638 3430 Sis,
667 3375 860 3437 quoeunque
886 3370 1006 3430 vertor,
1035 3353 1139 3431 video,
1172 3374 1255 3434 quae

129 3460 182 3503 me
204 3439 410 3519 admoneant,
433 3462 475 3505 ne
498 3448 621 3506 temere
635 3442 755 3506 Wolfio
778 3441 948 3519 assentiar,
969 3439 1023 3504 sed
1037 3441 1144 3520 potius
1156 3439 1254 3503 Wor-

128 3526 186 3589 mii
210 3526 397 3608 exemplum
422 3548 549 3610 sequar,
573 3529 628 3611 qui
651 3527 737 3605 dieit,
768 3549 803 3592 se
832 3547 905 3591 eum
937 3526 1096 3603 Asooniis‚
1121 3522 1254 3605 quinu-

128 3611 235 3688 lianis,
259 3611 467 3689 Camerariis,
491 3613 655 3679 Ernestiie
676 3634 786 3678 errare
804 3611 911 3687 malle,
926 3634 1024 3695 quam
1047 3634 1120 3678 oum
1132 3609 1255 3676 Wolfio

129 3719 210 3763 vera
232 3699 361 3763 sentire.
387 3737 422 3745 -
454 3699 562 3779 Quam
591 3699 797 3776 sententiam,
832 3705 870 3763 nt
903 3709 936 3762 et
965 3700 1035 3783 ipse
1068 3697 1257 3780 amplectar,

130 3783 183 3848 vel
204 3784 346 3851 maxime
364 3784 506 3850 addueor
535 3785 637 3867 ipsius
660 3784 824 3850 Cioeronis
846 3786 1043 3862 testimonio,
1071 3807 1134 3867 quo
1165 3783 1256 3847 loeu-

129 3869 251 3952 pletius
273 3891 338 3934 non
360 3879 467 3953 potest
488 3871 676 3954 oxoogitari.
709 3873 831 3952 Aperte
853 3870 908 3934 ille
931 3871 1017 3949 dioit,
1040 3891 1076 3935 se
1093 3871 1257 3935 insonate

130 3956 167 4021 Ο.
197 3954 332 4022 Caesari
360 3956 400 4022 de
434 3957 586 4024 restituto
614 3957 772 4023 Marcello
805 3956 952 4040 pluribus
983 3956 1107 4040 gratias
1140 3955 1255 4035 egisse.

130 4041 223 4117 Haeo
245 4043 333 4108 enim
355 4051 441 4123 sunt,
465 4064 549 4127 quae
572 4043 613 4107 ad
637 4041 709 4108 Ser.
739 4042 924 4126 Sulpicium
953 4041 1009 4121 (ad
1037 4043 1112 4106 fam.
1132 4038 1192 4104 IV.
1223 4043 1257 4109 dl

131 4128 277 4212 seripsit:
304 4129 397 4206 „Uno
427 4138 460 4196 te
490 4130 636 4202 vieimus,
665 4127 751 4210 quod
777 4129 818 4194 de
846 4129 1005 4206 Marcelli,
1033 4126 1176 4211 eollegae
1198 4124 1256 4200 tui,

131 4212 238 4282 salute
258 4214 370 4300 paullo
391 4225 478 4300 ante,
500 4235 599 4301 quam
620 4218 667 4296 tu,
686 4216 913 4300 eognovimus:
934 4214 1035 4285 etiam
1059 4210 1258 4291 mohereule,
