2962 4836
304 1452 540 1536 Comparantes
564 1471 622 1516 nos
646 1450 830 1515 accuratius
848 1447 1020 1528 Ciceronis
1041 1450 1212 1529 orationes,
1235 1448 1346 1532 quales

217 1556 321 1622 usque
344 1536 385 1603 ad
402 1537 502 1604 huius
526 1535 648 1603 saeculi
676 1535 808 1601 initium
838 1541 872 1599 et
900 1536 934 1600 in
962 1536 1195 1620 magistrorum
1224 1544 1258 1599 et
1280 1533 1346 1601 dis-

216 1624 400 1709 cipulorum
422 1623 575 1689 manibus
596 1630 700 1699 crant,
724 1641 798 1687 cum
822 1621 878 1698 eis,
900 1621 1017 1703 quibus
1040 1621 1137 1687 hodie
1160 1622 1261 1705 vulgo
1285 1621 1346 1686 uti·
1417 1647 1420 1653 ·

215 1732 299 1790 mur,
323 1710 435 1794 fugere
457 1731 524 1775 non
546 1716 663 1792 potest,
691 1705 778 1772 haud
807 1727 946 1789 parvum
979 1705 1155 1773 discrimen
1183 1709 1347 1773 intereas

217 1796 429 1862 intercedere.
474 1796 515 1860 ln
538 1813 733 1876 unaquaque
755 1792 824 1856 lere
841 1792 1056 1875 paginaartis
1073 1793 1347 1860 criticaoiuveni·

215 1904 290 1948 mus
312 1882 462 1965 vestigia,
485 1901 569 1963 quae
592 1885 753 1963 quantum
764 1878 926 1960 profuerit
947 1878 987 1943 ad
1000 1900 1099 1962 opera
1111 1879 1212 1945 Tullii
1235 1900 1346 1944 emen·

216 1965 324 2032 danda
343 1966 419 2031 inde
441 1965 481 2030 ab
503 1964 559 2030 illo
582 1971 737 2047 tempore,
760 1971 897 2042 nonest,
918 1964 1002 2047 quod
1020 1965 1181 2048 exemplis
1201 1965 1344 2044 doceam,

216 2071 289 2117 cum
313 2073 410 2118 nemo
432 2053 484 2131 sit,
507 2052 586 2134 quin
610 2050 699 2128 sciat,
723 2056 802 2134 quot
823 2049 885 2116 loci
913 2051 943 2114 ei
972 2050 1113 2116 debeant
1139 2072 1233 2117 suam
1259 2051 1344 2116 inte-

215 2138 380 2224 gritatem,
408 2145 487 2221 quot
509 2137 636 2214 menda,
660 2158 744 2220 quae
766 2157 825 2221 por
846 2144 895 2202 tot
916 2138 1046 2203 saecula
1057 2137 1276 2222 interpretum
1294 2138 1345 2201 in·

214 2224 310 2308 genia
333 2223 536 2307 deceperant,
559 2224 631 2288 cius
653 2243 713 2305 ope
730 2243 819 2287 nuno
834 2221 961 2287 detecta
982 2230 1152 2288 etremota
1169 2223 1245 2288 sint.
1276 2223 1345 2289 Nec

150 2366 152 2370 .
214 2310 335 2376 mirum
358 2310 497 2386 videtur,
526 2309 610 2391 quod
640 2308 739 2373 huius
766 2308 932 2390 scriptoris
963 2309 1170 2392 potissimum
1196 2310 1345 2374 homines

215 2394 299 2462 docti
322 2394 553 2479 percensendis
574 2404 608 2459 et
628 2392 841 2459 restituendis
864 2394 955 2459 libris
968 2415 1099 2477 operam
1122 2395 1336 2462 navaverunt

214 2482 300 2548 (lum
322 2483 411 2547 enim
433 2481 532 2547 huius
554 2480 791 2565 elegantissimi
812 2480 951 2545 oratoris
969 2481 1139 2565 exemplar
1162 2502 1292 2565 semper
1303 2482 1344 2547 ad

213 2567 409 2633 imitandum
431 2575 660 2652 proponerent,
684 2572 935 2632 consentaneum
959 2575 1039 2645 erat,
1063 2587 1119 2633 cos
1145 2567 1178 2632 id
1201 2568 1344 2633 maxime

214 2673 321 2737 agere,
344 2664 381 2719 ut
408 2654 618 2737 corruptelas,
647 2673 729 2736 quae
758 2660 816 2717 aut
843 2652 1052 2719 librariorum
1080 2653 1282 2738 negligentia
1311 2662 1345 2718 et

213 2738 341 2806 incuria
370 2741 569 2823 irrepserant
595 2740 630 2804 in
660 2738 760 2804 libros
792 2740 1043 2822 manuscriptos,
1078 2749 1136 2805 aut
1164 2739 1343 2805 doctiorum

213 2826 502 2908 grammaticorum
525 2824 711 2910 explicandi
733 2823 840 2890 studio
862 2833 953 2890 ortae
975 2832 1080 2904 erant,
1103 2825 1300 2908 indagarent
1311 2832 1345 2890 et

214 2911 360 2977 delendis
383 2911 449 2977 illis
471 2910 574 2977 verba
595 2913 699 2995 ipsius
720 2911 862 2976 auctoris
878 2911 919 2976 ad
931 2912 1096 2995 integrum
1119 2910 1342 2976 restituerent.

214 2996 264 3059 Ac
285 3018 364 3062 sune
385 2997 549 3074 mollaio
584 2996 702 3080 quibus
735 3017 838 3080 usque
868 2996 909 3060 ad
939 2996 972 3060 id
1002 3005 1133 3079 tempus
1165 3017 1262 3062 nemo
1291 2997 1343 3061 in·

213 3078 384 3159 haesisset,
406 3084 603 3147 recentiores
631 3082 746 3158 critici,
775 3082 830 3164 qui
859 3080 1027 3157 vocantur,
1055 3081 1239 3147 accuratius
1269 3103 1343 3147 sen·

214 3165 326 3230 tentiis
348 3172 381 3229 et
403 3162 511 3232 verbis
534 3167 704 3249 perpensis
716 3164 894 3231 edocebant
917 3188 936 3230 a
959 3165 1085 3232 dicendi
1104 3166 1343 3233 consuetudine

214 3250 381 3317 Ciceronis
404 3272 536 3335 prorsus
560 3251 735 3316 abhorrere
743 3275 751 3330 ;
774 3251 890 3333 quibus
903 3253 1135 3318 succurrebant
1153 3260 1210 3317 aut
1230 3255 1343 3318 melio·
1440 3313 1442 3317 .

213 3359 286 3403 rum
309 3336 456 3404 codicum
479 3338 601 3403 auxilio
623 3335 736 3416 adiuti,
765 3345 822 3402 aut
843 3337 897 3414 ita,
920 3345 959 3402 ut
980 3338 1081 3403 libros
1103 3341 1343 3424 manuscriptos

112 3483 119 3493 .
213 3423 277 3487 iam
307 3432 406 3490 antea
427 3424 561 3491 collatos
591 3424 698 3489 denuo
723 3422 912 3507 diligentius
936 3425 1023 3488 inter
1051 3444 1086 3491 se
1115 3435 1343 3508 compararent

212 3518 246 3576 et
277 3532 379 3576 novas
415 3519 511 3593 atquo
543 3512 685 3594 aptiores
718 3517 872 3575 eruerent
904 3509 1067 3576 lectiones.
1129 3512 1220 3578 Alios
1256 3514 1342 3579 locos

212 3605 415 3663 sanaverunt
449 3597 605 3662 mutando
639 3596 811 3661 verborum
845 3594 972 3673 ordine,
1006 3597 1086 3662 alios
1119 3596 1341 3682 distinguendi

212 3684 317 3768 signis
339 3682 599 3765 transponendis.
644 3681 729 3747 Aliis
750 3681 888 3762 donique
910 3681 997 3759 locis,
1026 3683 1082 3765 qui
1105 3684 1167 3748 nisi
1191 3686 1342 3749 artificio·

211 3769 340 3835 sissima
362 3767 600 3848 interpretandi
623 3768 749 3831 ratione
771 3767 910 3850 intelligi
933 3777 966 3832 ot
991 3767 1120 3833 defendi
1142 3790 1208 3833 non
1232 3779 1342 3851 potue-

211 3863 299 3932 runt,
323 3855 369 3918 ita
387 3852 609 3932 metiebantur,
629 3863 667 3917 ut
684 3852 830 3919 codicum
847 3854 985 3936 vestigia
1003 3855 1106 3920 secuti
1125 3855 1341 3937 probabiliora

211 3961 270 4023 per
287 3941 506 4006 coniecturam
524 3940 693 4003 inferrent.
731 3937 895 4020 seuquid
918 3938 978 4004 hoc
999 3940 1147 4022 pluribus
1167 3960 1340 4022 exponam,

211 4047 285 4092 cum
312 4028 393 4090 satis
414 4034 550 4100 constet,
579 4033 702 4107 quanta
729 4026 763 4088 in
791 4024 876 4090 hanc
904 4032 1031 4107 partem
1059 4026 1127 4091 sint
1152 4026 1339 4091 'criticorum

210 4111 350 4177 merita?
385 4112 453 4176 Nec
483 4112 591 4188 refert,
622 4131 732 4175 eorum
757 4111 891 4175 nomina
913 4131 1114 4186 enumerare,
1133 4111 1188 4192 qui
1211 4121 1340 4194 praeter

210 4205 336 4263 ceteros
365 4196 400 4259 in
433 4196 490 4262 illa
520 4206 591 4262 arte
624 4194 806 4261 exercenda
840 4195 890 4261 vel
925 4195 1105 4260 factitando
1139 4197 1339 4260 excellentes

211 4284 409 4348 exstiterunt
430 4290 463 4347 et
480 4281 562 4349 bene
585 4283 694 4347 meriti
717 4290 795 4345 sunt
813 4280 853 4345 de
865 4280 964 4344 Tullii
987 4280 1197 4345 orationibus.
1232 4280 1339 4346 Unius

642 4397 862 4492 283249
1152 4378 1181 4432 ¹⁹
