2962 4836
652 200 659 215 .
739 248 887 328 ÷⁵-

253 417 443 504 disputandi
472 423 506 483 ct
538 414 792 501 argumentandi
819 415 1000 483 subtilitate
1034 416 1180 486 adhibita
1212 418 1383 488 ostendere

252 507 440 584 conabatur,
469 524 542 569 eam
576 503 665 569 nullo
699 511 793 588 pacto
825 525 844 568 a
877 503 1035 571 Cicerone
1068 506 1284 589 conscriptam
1317 507 1382 574 dici

251 614 361 677 posse;
391 612 467 657 narn
488 590 622 655 inanem
641 611 712 655 esse
732 609 852 668 rerum,
876 589 984 656 verbis
1002 590 1152 657 formulis
1169 594 1382 669 constructio·

251 679 348 744 nibus
373 699 471 760 saepe
499 677 555 742 vix
589 675 756 754 Latinam,
789 677 823 740 in
857 683 925 741 tota
958 677 1192 761 compositione
1225 679 1381 763 ineptam,

251 765 398 843 stultam,
421 762 609 841 ridiculam;
633 762 778 843 deniquo·
806 763 894 827 fatuo
924 763 1081 847 principe,
1107 763 1253 844 Claudio,
1282 787 1381 848 quam

251 851 410 918 Cicerone
433 848 613 934 digniorem
629 850 662 930 ¹).
708 846 753 912 Se
776 847 907 931 quidem
930 849 1047 926 dicitt)
1070 849 1208 933 legendo
1226 860 1259 916 et
1280 853 1393 917 inter·⁴

251 934 410 1022 pretando
433 956 470 999 eo
491 934 685 1019 perductum
708 954 789 1011 esse,
820 942 856 998 ut
883 935 973 1000 hunc
1005 932 1151 1001 libellum
1185 957 1252 1001 non
1285 937 1381 1003 modo

252 1022 403 1089 Ciceroni
426 1020 578 1086 omnibus
590 1018 693 1085 modis
705 1019 968 1100 abiudicaudum,
982 1020 1150 1087 sedetiam
1162 1022 1381 1105 genuinorum

252 1109 342 1175 illius
375 1109 571 1192 scriptorum
611 1115 645 1170 et
676 1106 775 1171 huius
808 1106 933 1171 nullam
971 1108 1034 1173 nisi
1067 1108 1232 1190 quandam
1265 1110 1381 1177 coloris

251 1193 502 1262 similitudinem
520 1213 591 1258 esse
613 1190 751 1270 videret,
774 1199 942 1275 totumque
965 1192 1038 1271 talc,
1058 1194 1151 1260 cuius
1170 1195 1381 1278 vixaliquam

252 1289 378 1364 partem
402 1279 542 1346 scribere
565 1277 680 1343 Cicero
702 1277 869 1360 potuisset,
889 1278 917 1343 si
950 1280 1089 1363 vigilans
1105 1282 1109 1291 '
1123 1289 1181 1345 aut
1213 1282 1381 1347 somnians

252 1367 337 1433 hanc
359 1367 519 1432 actionem
549 1364 670 1447 scripto
700 1363 857 1429 mandare
885 1365 1051 1431 voluisset.
1078 1401 1119 1412 —
1154 1366 1227 1447 Quo
1260 1367 1381 1433 iudicio

252 1453 398 1519 inaudito
421 1473 519 1535 qnam
539 1450 750 1516 vehementer
773 1450 812 1528 ei,
836 1451 892 1532 qui
922 1452 961 1516 ab
991 1452 1126 1517 ineunte
1155 1461 1261 1518 aetate
1289 1454 1380 1518 Mar·

251 1540 422 1606 cellianam
445 1538 535 1602 illam
557 1537 593 1601 in
626 1537 811 1601 orationum
840 1536 1069 1602 Tullianarum
1100 1560 1237 1603 numero
1271 1539 1381 1605 videre

250 1632 456 1702 consuerent,
479 1623 633 1690 commoti
661 1628 694 1687 et
722 1621 904 1706 perturbati
937 1624 1012 1703 siut,
1047 1646 1088 1689 ex
1122 1625 1174 1689 his
1201 1625 1380 1708 Wormii³)

249 1712 360 1778 verbis
383 1717 538 1794 apparet:
572 1708 710 1786 „Dicere
743 1709 802 1773 vix
836 1729 978 1792 possum,
1014 1710 1090 1793 quid
1124 1711 1204 1775 mihi
1238 1712 1381 1793 perlecta

250 1798 366 1863 Wolfii
389 1795 662 1863 commentatione
684 1795 784 1859 fucrit
806 1794 918 1861 animi.
962 1793 1104 1861 Omnem
1125 1805 1212 1862 certe
1231 1796 1379 1863 hilarita-

251 1893 318 1949 tem
340 1891 469 1966 pectore
491 1879 682 1946 exturbavit
700 1887 733 1946 et
756 1880 910 1945 tristitiae
932 1883 1024 1963 quasi
1046 1882 1201 1948 nebulam
1220 1883 1380 1966 aliquam·

253 1968 310 2034 diu
353 1969 462 2033 animo
502 1965 647 2031 offudit.“
710 1967 780 2035 Neo
817 1967 954 2047 mirum;
995 1989 1062 2032 nou
1105 1976 1282 2052 potuerunt
1313 1991 1380 2035 non

253 2055 396 2120 maxime
419 2053 617 2119 commoveri
642 2053 702 2117 viri
725 2053 819 2131 docti,
842 2074 916 2119 cum
939 2073 958 2117 a
979 2053 1101 2120 Wolfio
1113 2055 1380 2138 praeteropinio·

251 2162 327 2206 nem
346 2140 554 2217 docebantur,
577 2161 612 2205 se
641 2138 767 2203 tamdiu
795 2140 830 2204 iu
861 2139 1056 2223 gravissimo
1089 2161 1199 2206 errore
1234 2149 1380 2208 versatos

250 2249 328 2294 esse.
375 2225 414 2293 st
435 2226 476 2291 ab
499 2225 563 2291 alio
581 2225 638 2290 illa
661 2225 801 2308 suspicio
823 2233 912 2290 mota
945 2233 1040 2303 esset,
1068 2227 1206 2293 fortasse
1234 2228 1380 2310 plerique

251 2334 323 2378 eam
347 2313 457 2378 minus
477 2319 657 2379 curassent.
703 2309 769 2376 Sed
793 2332 865 2376 cum
889 2312 916 2377 is
939 2315 1134 2378 sententiam
1157 2314 1248 2378 illam
1271 2322 1381 2398 protu-

232 2400 353 2479 lisset,
376 2399 519 2483 quinon
542 2396 696 2463 mediocri
720 2404 807 2461 essct
835 2399 922 2462 iuter
955 2399 1105 2480 aequales
1135 2401 1329 2466 auctoritate
1347 2408 1381 2465 et

250 2487 316 2552 iam
338 2493 408 2551 tum
433 2484 572 2549 eximiae
594 2482 760 2549 doctrinae
784 2484 916 2549 floreret
937 2483 1041 2563 laude,
1072 2494 1167 2567 atquo
1198 2488 1233 2550 iu
1260 2486 1379 2551 iudicio

251 2594 309 2638 suo
329 2569 554 2639 confirmando
575 2568 689 2634 multis
711 2577 745 2634 ct
764 2569 830 2634 illis
841 2568 984 2652 quidem,
997 2592 1079 2653 quae
1101 2571 1244 2654 aliquam
1267 2573 1380 2657 proba-

252 2657 386 2724 bilitatis
408 2658 550 2741 speciem
578 2676 657 2738 prae
683 2655 825 2720 ecferre
849 2656 1047 2733 viderentur,
1066 2659 1268 2741 argumentis
1300 2680 1380 2725 usus

250 2753 345 2823 esset,
369 2744 467 2808 etiam
490 2741 797 2826 intelligentioribus
819 2740 937 2806 harum
961 2764 1070 2808 rerum
1101 2745 1379 2811 existimatoribus

249 2830 425 2914 scrupulus
453 2829 593 2894 iniectus
623 2836 682 2907 est,
716 2829 763 2892 ita
786 2836 823 2892 ut
857 2827 1006 2894 dubitare
1038 2830 1231 2913 inciperent,
1266 2839 1377 2895 utrum

248 2916 372 2982 Wolfio
395 2915 643 2992 assentirentur,
667 2934 711 2978 au
738 2914 896 2998 neglectis
921 2914 1010 2981 illius
1039 2916 1379 2984 animadversionibus

249 3003 429 3066 orationem
451 3001 543 3066 illam
565 3001 601 3065 iu
624 3000 824 3083 reliquarum
846 2999 1013 3066 Ciceronis
1035 3002 1223 3066 orationum
1241 3024 1378 3070 numero

250 3096 427 3152 servarent.
471 3087 586 3170 Neque
609 3094 717 3152 tamen
738 3086 921 3164 doluerunt,
935 3088 989 3168 qui
1001 3087 1248 3153 Marcellianum
1267 3090 1377 3155 defen·

250 3172 391 3249 dandam
413 3172 624 3254 susciperent.
669 3174 719 3238 Ac
741 3174 868 3256 primus
890 3171 1020 3256 quidem
1043 3174 1113 3238 eius
1125 3175 1251 3241 exstitit
1268 3175 1377 3241 defen-

250 3281 303 3324 sor
325 3258 429 3325 Olaus
456 3258 632 3338 Wormius,
662 3259 755 3325 cuius
783 3260 850 3324 iam
874 3281 974 3343 supra
1003 3260 1202 3326 montionem
1232 3262 1377 3329 fecimus.

251 3344 319 3425 Qut
340 3344 492 3428 quamvis
514 3344 620 3410 multa
642 3353 675 3410 et
699 3346 755 3409 illa
778 3344 909 3427 quidem
939 3345 1109 3435 aptissima
1137 3347 1178 3412 ad
1206 3347 1378 3414 infirman-

250 3431 329 3495 dum
351 3431 465 3497 Wolfii
488 3431 645 3498 iudicium
667 3430 858 3515 protulisset
880 3441 1082 3516 argumenta,
1112 3441 1222 3500 tamen
1253 3435 1282 3500 ei
1311 3458 1377 3501 uon

249 3517 402 3600 contigit,
437 3525 477 3582 ut
510 3538 625 3583 omnes
662 3517 790 3583 tolleret
823 3515 1050 3584 dubitationes.
1107 3520 1223 3605 Itaque
1257 3523 1376 3588 iterum

248 3604 289 3668 Β.
324 3602 536 3681 Weiskius⁴)
576 3603 628 3669 vir
667 3625 741 3669 cum
782 3603 903 3668 eximia
940 3604 1123 3671 eruditione
1160 3614 1231 3672 tum
1263 3609 1375 3693 singu-

249 3744 453 3753 m

332 3809 365 3945 3
384 3808 520 3932 cg3dWolt.
539 3808 603 3931 e1c16it.
621 3808 722 3874 (Berol.
741 3807 823 3877 1802)
841 3809 956 3878 praefat.
975 3825 1037 3881 pag.
1055 3809 1097 3865 36.

382 3896 391 3933 ι
410 3895 420 3932 ι
441 3914 446 3927 .
466 3894 527 3946 pag.
582 3917 588 3931 .

334 3946 365 4012 3)
384 3948 420 4002 M.
440 3947 520 4000 Tullii
531 3946 668 4002 Ciceronis
686 3947 835 4002 orationem
854 3964 904 4017 pro
914 3949 952 4006 Μ.
962 3950 1092 4006 Marcello
1103 3953 1212 4008 νοθείας
1223 3951 1375 4020 suspicione

248 4030 265 4068 a
283 4015 354 4070 Frid.
375 4018 444 4098 Aug.
464 4014 562 4068 Wolfio
580 4034 605 4067 v.
625 4034 648 4072 c.
666 4032 753 4084 nuper
770 4018 870 4072 iniecta
886 4020 1002 4076 liberare
1021 4027 1133 4076 conatus
1152 4027 1193 4076 est
1205 4020 1288 4076 Olaus
1300 4021 1377 4075 Wor·

249 4085 317 4141 mius
336 4083 467 4151 (Hermae
489 4083 566 4152 1803)
586 4085 618 4138 cl⁴
639 4086 756 4141 Praefat.
774 4104 800 4156 p.
823 4086 861 4141 13.

335 4154 365 4219 4)
385 4153 596 4209 Commentarius
613 4164 761 4224 perpetuus
779 4163 806 4211 et
823 4158 919 4227 plenus
932 4160 958 4214 in
970 4159 1119 4215 orationem
1131 4158 1168 4212 Μ.
1176 4158 1257 4217 Tullii
1269 4158 1376 4217 Cicero·

250 4224 292 4279 uis
308 4224 360 4294 pro
378 4223 417 4280 Μ.
437 4223 566 4281 Marcello
585 4230 696 4282 auctore
715 4225 853 4295 Beujamin
872 4226 991 4287 Weiske.
1017 4228 1127 4300 Lipsiae
1146 4227 1221 4285 1806.
