2962 4836
649 261 821 328 ..33-

175 440 368 520 temperare.
415 432 503 523 Ibit.
527 436 556 513 2,
580 437 609 514 6,
639 435 677 498 17
700 434 729 501 si
756 435 907 519 cuiquam
935 432 1004 500 ulla
1027 432 1062 500 in
1091 455 1127 501 re
1156 452 1302 519 unquam

175 520 418 623 temperaverit.
473 518 557 586 Ibid.
590 519 617 585 I.
649 523 706 601 59,
744 524 803 587 154
838 520 933 587 sociis
969 521 1007 586 cf.
1042 519 1135 587 Balb.
1170 524 1230 600 27,
1261 523 1302 584 60

176 627 298 674 amrcrs.

261 691 393 758 Deinde
416 695 440 776 l.
471 690 491 756 9
519 690 663 757 Wolfius
695 696 895 757 structuram
926 692 1020 759 verbi
1055 693 1182 772 „obstre
1205 690 1300 756 andr*

238 784 402 844 tarumet
423 777 563 844 labentis
585 776 756 842 latinitatis
779 797 851 843 esse
874 777 962 863 dicit.
1014 777 1066 844 Ad
1088 799 1171 862 quae
1241 777 1302 843 eis-

205 865 254 931 'us
275 864 358 932 haec
379 863 568 949 respondet:
604 863 700 943 „Fae
731 883 796 927 non
824 865 980 931 usitatam
1007 864 1107 931 trisse
1136 864 1304 931 Ciceronis

178 955 299 1018 aetate:
329 951 451 1017 oratori
471 957 582 1016 tamen
604 949 723 1016 licebat
750 948 786 1014 in
812 949 959 1017 oratione
985 949 1172 1017 sublimiore
1200 950 1305 1016 forma

177 1036 227 1104 uti
248 1034 467 1103 insolentiore.
518 1033 663 1103 Omnino
685 1041 806 1115 autem,
836 1035 913 1120 quid
941 1038 984 1102 sit
1005 1036 1147 1104 labentis
1173 1035 1304 1103 Latini-

174 1123 265 1203 tatis,
287 1143 306 1187 e
327 1122 550 1189 monumentis
572 1130 640 1188 tam
663 1121 803 1206 exiguis,
832 1143 917 1206 quae
939 1123 1034 1189 nobis
1063 1123 1197 1206 reliquit
1220 1130 1303 1188 tem·

176 1228 294 1294 porum
317 1209 481 1292 iniquitas,
503 1208 649 1275 iudicare
678 1229 744 1273 non
766 1227 948 1290 possumus.
998 1207 1040 1275 In
1069 1218 1138 1275 tam
1165 1208 1305 1293 simplici

178 1303 288 1362 autem
311 1296 410 1362 verbo
432 1292 516 1360 nihil
545 1295 632 1360 inest
662 1294 834 1378 poeticum,
861 1301 985 1362 utnon
1014 1294 1125 1361 minus
1151 1295 1304 1377 usurpari

177 1382 322 1466 potuerit
343 1402 362 1445 a
384 1402 499 1465 prosae
517 1380 672 1446 orationis
690 1380 936 1464 scriptoribus&
967 1379 1129 1448 Similiter
1150 1380 1305 1446 Valerius

178 1467 346 1534 Maximus
379 1466 440 1534 hoc
471 1467 608 1533 verbum
637 1465 788 1532 adhibuit
809 1465 906 1532 VIII.
940 1473 987 1546 lt,
1019 1472 1048 1532 8.
1106 1465 1195 1547 „Iam
1224 1486 1304 1534 vero

179 1573 262 1638 quae
290 1554 326 1618 in
355 1551 416 1618 On.
447 1552 643 1637 Pompeium
671 1561 705 1618 et
733 1551 842 1635 ampla
863 1558 897 1619 et
924 1574 1012 1619 nova
1038 1560 1194 1639 congesta
1215 1560 1303 1632 sunt,

178 1638 256 1706 hinc
278 1639 467 1706 assensione
496 1638 626 1719 favens,
649 1638 740 1704 illinc
772 1638 906 1704 fremitu
936 1638 1080 1708 invidiae
1109 1677 1151 1688 -
1179 1639 1304 1705 obstre-

179 1730 332 1810 pantur“.
382 1722 450 1790 Sed
471 1723 592 1805 dubito,
621 1745 701 1789 num
723 1746 764 1790 ex
794 1723 856 1791 hoc
877 1726 1036 1808 scriptore
1058 1726 1145 1805 huie,
1173 1725 1214 1790 de
1241 1746 1305 1809 quo

180 1812 309 1898 agimus
337 1809 417 1890 loco,
440 1809 617 1895 quidquam
638 1809 795 1895 praesidii
817 1811 885 1893 peti
912 1813 1022 1895 possit
1075 1811 1190 1878 Cicero
1217 1810 1306 1876 enim

180 1903 216 1963 ot
236 1896 293 1963 alii
314 1896 404 1963 illius
426 1897 542 1963 aetatis
563 1897 739 1981 scriptores
763 1898 897 1963 verbum
925 1898 989 1964 nisi
1012 1918 1086 1965 cum
1108 1897 1205 1969 tertio
1227 1919 1306 1964 casu

179 2003 248 2049 non
258 1983 456 2068 coniungere
467 1981 624 2063 solebant,
643 2004 704 2049 nec
715 1990 791 2066 epte
803 1980 927 2048 dictum
939 1983 1085 2050 videtur:
1107 1982 1183 2063 „sed
1195 1991 1306 2049 tamen

180 2068 339 2136 eiusmodi
367 2090 420 2135 res
453 2091 496 2135 sc.
530 2068 685 2148 ,bellicae
712 2075 788 2135 tuae
815 2068 947 2136 laudes“
984 2069 1181 2154 nescioquo
1209 2069 1305 2135 modo

180 2155 325 2239 obstrepi
356 2190 393 2203 -
423 2153 609 2221 videntur“.
665 2155 782 2238 Itaque
804 2154 893 2221 haud
920 2155 987 2224 scio
1016 2177 1059 2222 an
1089 2155 1151 2222 hoc
1179 2175 1307 2239 quoque

179 2241 251 2308 loco
274 2240 399 2308 doctior
419 2240 574 2307 librarius
594 2242 784 2324 posterioris
803 2242 961 2326 temporis
985 2242 1146 2322 „clamore
1168 2242 1224 2307 illo
1246 2242 1309 2306 mi-

181 2326 279 2393 litum
311 2333 345 2393 et
373 2325 527 2392 tubarum
556 2332 655 2393 sono“
687 2328 842 2395 seductus
874 2349 916 2393 ex
948 2349 1007 2394 suo
1039 2327 1173 2394 arbitrio
1206 2327 1308 2393 verba

184 2412 369 2480 Oiceronis:
406 2413 560 2491 „obteri
592 2412 734 2479 militum
768 2413 928 2479 clamore“
958 2422 992 2479 et
1019 2436 1047 2497 q.
1076 2420 1158 2481 sec.“
1196 2435 1308 2480 emen-

184 2498 275 2566 davit
301 2499 356 2567 vel
383 2500 491 2584 potius
524 2500 670 2583 corrupit
702 2499 739 2564 in
774 2500 937 2585 „obstrepi
964 2500 1106 2566 militum
1135 2500 1306 2567 clamore“.

183 2583 271 2650 Illud
291 2585 434 2662 „obteri“
455 2586 543 2650 enim
566 2592 599 2652 et
615 2586 782 2670 aptiorem
790 2586 926 2669 praebet
936 2588 1131 2654 sententiam
1155 2593 1189 2651 et
1205 2585 1309 2670 ipsius

182 2668 352 2739 Ciceronis
373 2692 436 2737 usu
457 2670 706 2739 commendatur
727 2672 767 2739 cf.
792 2672 859 2738 Oia.
883 2674 959 2739 hcc.
983 2678 1011 2753 5,
1036 2679 1047 2736 l
1076 2672 1225 2752 „laudem
1246 2671 1308 2736 im-

181 2757 379 2841 peratoriam
403 2758 582 2826 obterere“.
624 2759 736 2842 Atque
754 2757 826 2825 aliis
849 2758 1063 2843 scriptoribus
1085 2758 1147 2826 hoc
1169 2758 1308 2827 verbum

181 2841 295 2910 eodem
327 2865 425 2909 sensu
458 2842 635 2909 admodum
667 2844 825 2910 usitatum
857 2853 937 2910 erat.
1000 2844 1177 2929 compares
1208 2842 1308 2912 velim

181 2927 312 2995 (lornel.
335 2929 417 3013 Nep.
440 2929 557 2996 Timol.
588 2930 614 2995 Ι.
640 2933 668 2994 5.
723 2930 904 3009 „Nonnulli
932 2932 1020 2997 enim
1047 2930 1171 2998 laesam
1200 2930 1241 2996 ab
1270 2950 1308 2994 eo

182 3013 336 3098 pietatem
364 3014 524 3099 putabant
549 3021 583 3080 et
609 3014 736 3081 invidia
762 3016 894 3083 laudem
922 3017 1056 3084 virtutis
1083 3016 1307 3083 obterebant“.

182 3099 259 3169 Isiu.
291 3103 341 3183 23,
370 3104 410 3165 43
442 3102 666 3180 „maiestatem
696 3103 806 3186 populi
838 3103 982 3169 Romani
1012 3102 1181 3169 obterere“
1213 3101 1306 3171 (lurt.

183 3189 214 3266 8,
240 3190 266 3265 1,
290 3190 327 3250 31
353 3186 475 3270 laudes,
496 3195 530 3252 et
552 3193 581 3267 8,
608 3193 635 3267 1,
659 3191 700 3252 23
723 3210 776 3255 res
794 3189 972 3273 Philippi“.
997 3227 1037 3237 -
1057 3187 1125 3256 Sed
1143 3188 1310 3253 retineant

183 3271 352 3372 vulgatam
380 3272 561 3355 lectionem,
585 3274 642 3357 qui
672 3274 734 3339 sibi
755 3276 985 3358 persuaserint,
1008 3275 1088 3343 ferri
1109 3295 1205 3359 posse
1226 3272 1309 3339 illud

182 3357 368 3509 („lpbstplcp1‘⁶
391 3381 452 3445 per
462 3359 656 3426 Latinorum
676 3380 883 3428 communem
902 3368 935 3427 et
952 3361 1121 3453 Ciceronis
1139 3360 1309 3446 proprium

216 3465 277 3512 cen
300 3466 311 3509 1
333 3466 439 3514 usum.

642 3622 847 3638 Um

198 3870 206 3887 Ι
266 3783 324 3855 Sic
351 3788 474 3855 sensim
496 3789 744 3876 progredientes
765 3789 808 3856 ad
829 3812 902 3858 eam
929 3791 1173 3878 paragraphum
1202 3813 1309 3860 acces-

179 3884 299 3955 srmus,
334 3896 419 3960 quae
451 3884 582 3960 praeter
610 3885 736 3945 ceteras
765 3878 893 3962 largam
926 3879 998 3945 viro
1032 3877 1128 3946 docto
1161 3879 1311 3964 praebuit

178 3959 441 4057 reprehendendi
473 3964 655 4031 materiem.
711 3964 784 4030 Iam
816 3965 860 4029 in.
884 3966 909 4050 d.
943 3969 982 4030 10
1015 3965 1153 4032 offendit
1181 3964 1310 4031 subtilis

178 4055 345 4131 1ntorpres
366 4050 400 4113 in
418 4049 543 4117 verbis:
569 4051 682 4129 „cuius
710 4057 854 4116 mentem
882 4072 1062 4134 sensusque
1090 4058 1123 4117 et
1151 4072 1186 4118 os
1207 4051 1311 4119 cerni-

178 4150 271 4211 mus,
300 4140 358 4197 ut“
394 4141 428 4201 et
466 4154 496 4219 q.
529 4156 592 4202 sec.
665 4135 731 4215 „Ut
763 4135 903 4221 quidem,
931 4137 1054 4221 inquit,
1085 4158 1152 4204 non
1180 4136 1312 4206 videtur

178 4215 311 4299 habere,
330 4239 394 4304 quo
417 4221 593 4302 referatur3
616 4221 673 4288 sed
691 4221 834 4289 refertur
851 4222 898 4288 ita
920 4221 961 4288 ad
979 4224 1120 4290 nomina
1131 4223 1310 4307 superiora,

230 4320 341 4374 Estne,
360 4325 495 4367 Dlasertutlo.
1090 4326 1107 4380 3
