2962 4836
654 203 832 268 ..pq-

92 432 96 441 .
172 375 311 441 haerere
342 372 466 456 poteria
498 374 534 439 in
565 372 623 438 illo
656 373 835 451 enuntiato,
869 372 1060 455 praesertim
1093 394 1168 441 eum
1198 373 1305 439 forma

176 478 279 536 ,naue
300 465 410 525 eram“
435 460 535 526 verbo
559 459 708 537 „attulit“
733 458 845 524 aoriati
867 459 899 524 vi
921 458 1027 541 poeito
1059 460 1171 525 innota
1192 464 1303 541 poeto·

173 543 261 611 letor
283 566 324 613 ex
346 566 409 614 usu
430 544 665 624 Romanorum,
692 565 772 629 quoa
794 545 855 609 hoe
882 546 918 609 in
944 564 1065 627 genere
1092 543 1304 628 diligentissi-

173 650 247 695 moa
267 631 368 699 misae
390 637 528 699 eonstat.

261 715 358 787 Alter
390 716 496 794 loeus,
530 737 627 800 quem
660 737 679 781 a
710 715 870 783 Oieerone
901 713 1000 782 aoribi
1033 716 1178 798 potnieee
1208 715 1304 782 Wol-

173 803 237 867 fius
276 807 377 885 negat
415 808 466 866 eat
504 801 576 870 hie:
623 808 773 879 „tantum
811 801 848 865 in
886 822 1014 867 summa
1053 808 1213 882 potestate
1251 821 1303 867 re·

174 908 249 953 rum
271 886 417 959 omnium
440 887 573 952 modum
595 895 629 951 et
650 909 679 970 q.
704 892 784 955 seo.“
836 886 947 964 „Haeo
976 885 1084 966 verba,
1117 887 1226 970 inquit
1253 887 1305 952 vir

174 972 302 1050 doetus,
334 969 508 1053 duplieiter
536 972 701 1041 offendere
729 979 857 1056 oportet
885 991 969 1050 eum,
1002 973 1057 1055 qui
1087 973 1121 1037 in
1145 970 1305 1039 Oioemno

173 1057 313 1141 legendo
334 1064 484 1123 aeourate
507 1066 657 1125 versatus
679 1067 737 1125 eet
781 1056 867 1123 Nam
885 1058 1028 1140 primum
1046 1056 1136 1124 nullo
1153 1057 1306 1141 exemplo

174 1141 352 1226 apparebit,
382 1143 428 1209 ita
455 1143 648 1226 simplieitei
675 1143 717 1209 ab
744 1143 803 1208 illo
830 1141 894 1210 diei
922 1143 1026 1208 solere
1051 1142 1220 1219 ,modum“
1245 1163 1305 1227 pro

175 1228 396 1293 moderatione
423 1228 476 1295 vel
505 1230 630 1294 aetione
659 1227 850 1295 moderandi
879 1228 997 1307 animi,
1029 1248 1091 1293 neo
1119 1229 1195 1294 talia
1224 1249 1306 1296 laeua

175 1311 304 1383 delendi
333 1314 452 1395 poterit
480 1313 551 1380 loeo
580 1314 712 1381 Terent.
735 1313 839 1383 Andr.
862 1314 889 1379 1.
922 1320 948 1392 l,
970 1319 1022 1380 86.
1068 1312 1181 1390 „Seiae
1210 1335 1304 1397 posse

174 1398 295 1467 babere
327 1399 394 1469 iam
426 1399 535 1481 ipsum
569 1400 656 1465 vitae
690 1421 768 1466 suae
797 1399 960 1478 modum‚“
991 1399 1047 1465 ubi
1070 1400 1222 1465 Donatua
1247 1399 1305 1466 ad-

175 1483 316 1567 seripeit,
340 1484 512 1562 ,Modumz
536 1484 802 1562 moderationem,
821 1485 996 1567 regimen.“
1034 1485 1152 1551 Altera
1168 1484 1305 1551 offensio

175 1578 226 1636 eat
247 1571 283 1634 in
302 1569 437 1653 aneipiti
455 1569 665 1637 oolloeatione
683 1570 856 1635 verborum
872 1590 1001 1645 „rerum
1014 1572 1197 1635 omnium“:
1221 1591 1307 1653 quae

176 1656 327 1737 quamvis
338 1674 405 1721 non
415 1653 551 1733 dubites,
565 1656 643 1738 quin
654 1663 770 1722 aneton
782 1654 822 1722 ad
833 1653 1004 1731 ,modum“
1016 1655 1174 1733 retulerit,
1183 1665 1304 1735 tamen,

176 1744 214 1807 ut
230 1740 317 1805 idem
341 1742 485 1806 faeerent
504 1742 613 1819 aeteri,
637 1743 784 1807 nonnisi
807 1741 979 1808 subiuneta
999 1741 1215 1822 explieatione
1233 1742 1306 1826 oogi

175 1832 356 1910 poterant.“
373 1863 409 1875 -
422 1826 543 1892 Nonne
553 1834 692 1910 oportet,
705 1849 791 1905 eum,
810 1827 867 1909 qui
880 1826 959 1891 talia
976 1827 1109 1909 profert,
1122 1835 1179 1892 aut
1196 1827 1306 1912 ipsum

176 1913 210 1977 in
227 1932 263 1977 ae
281 1931 353 1976 eam
371 1911 587 1994 euspieionem
602 1933 744 1993 movere,
762 1921 800 1979 ut
810 1921 972 1977 oratorem
984 1912 1089 1997 magia
1101 1912 1306 1992 oalumniari,

176 2017 274 2080 quam
296 2003 384 2063 reete
406 1998 615 2080 interpretari
637 1997 780 2065 voluisse
802 1997 962 2072 videatur,
991 1998 1104 2063 autin
1126 1998 1159 2063 id
1180 1998 1306 2065 erimen

175 2083 359 2160 incurrere,
390 2091 427 2147 ut
453 2104 568 2165 parum
597 2082 773 2168 diligenter
802 2085 871 2148 eine
900 2083 1167 2148 eonsuetudinem
1195 2085 1306 2150 obaer-

177 2188 272 2235 vasae
294 2165 442 2233 dieatur?
476 2168 637 2250 Equidem
661 2170 845 2252 putaverim
859 2168 1018 2235 Wolfium
1041 2169 1143 2234 nimia
1163 2169 1306 2251 quadam

177 2252 358 2338 uestigandi
377 2253 556 2336 eupiditate
574 2253 744 2319 aeduetum
762 2255 870 2321 loeum
888 2253 982 2323 illum
1001 2256 1047 2319 ita
1061 2254 1305 2336 perstrinxisse,

176 2339 393 2422 nequeenim
415 2360 435 2404 a
456 2359 510 2407 me
538 2339 717 2423 impetrare
737 2360 883 2423 possum,
913 2344 951 2404 ut
973 2339 1166 2418 existimem,
1193 2340 1306 2406 virum

177 2433 245 2491 tam
266 2424 410 2506 peritum
430 2444 507 2489 enm
530 2425 630 2490 totius
652 2426 784 2509 linguae
805 2424 952 2502 Latinae,
982 2432 1053 2490 tum
1075 2427 1204 2510 generis
1226 2424 1305 2492 uol-

177 2510 257 2576 liani
273 2509 467 2588 ,neaniviesq
488 2510 684 2577 venabulum
703 2511 828 2589 „modi“
843 2510 1121 2589 ,moderationie‘
1141 2511 1306 2595 signifiea-

178 2597 267 2663 tione
290 2595 449 2660 Romanis
471 2596 721 2661 usitatissimum
741 2597 850 2663 fuisse.
896 2599 951 2661 An
974 2597 1094 2665 obiitne
1116 2606 1196 2672 erat,
1226 2595 1308 2664 talia

178 2680 328 2763 exempla
349 2679 435 2762 apud
453 2679 645 2747 Oieeronem
668 2691 809 2760 exstare,
831 2682 940 2764 qualia
962 2683 1043 2748 haee
1064 2687 1155 2747 eunt:
1177 2680 1231 2747 De
1252 2681 1306 2748 off.

178 2766 205 2831 Ι.
230 2769 280 2844 27,
300 2768 353 2830 93.
382 2764 567 2848 ,Sequituq
597 2774 634 2831 ut
656 2767 697 2832 de
720 2788 785 2833 una
812 2776 906 2851 parte
927 2766 1108 2833 honestatis
1130 2765 1307 2833 dieendum

179 2852 238 2919 eit:
268 2852 305 2915 in
326 2873 391 2934 qua
411 2851 610 2917 verecundia
633 2888 673 2900 -
696 2855 913 2935 temperantia
933 2859 966 2915 et
987 2851 1155 2929 modestia,
1182 2849 1305 2916 omnio·

180 2958 243 3020 que
265 2935 391 3003 sedatio
413 2936 697 3020 perturbationum
721 2939 832 3015 animi,
862 2945 895 3002 et
923 2957 1034 3002 rerum
1055 2934 1171 3002 modus
1200 2935 1306 3004 earni-

180 3028 263 3087 tur.“
289 3059 329 3070 -
351 3023 418 3087 Pro
437 3020 551 3103 Quint.
570 3042 639 3106 oap.
660 3029 688 3089 7.
714 3023 896 3101 „Existima
917 3021 1012 3089 modo
1034 3030 1067 3087 et
1088 3021 1215 3088 ratione
1237 3041 1307 3087 om·

180 3108 236 3181 uia
263 3107 424 3175 Naevium
461 3107 604 3174 feoieae.“
661 3109 727 3177 Pro
760 3108 889 3175 Cluent.
923 3110 960 3192 §.'
980 3112 1035 3172 191
1073 3109 1309 3190 „quaestionem

180 3193 297 3276 quibua
319 3192 418 3261 finem
441 3191 613 3276 aliquando
635 3216 701 3260 non
723 3193 870 3261 mulieris
892 3193 1020 3271 modus,
1047 3193 1104 3260 aed
1127 3194 1308 3261 amienmm

181 3278 357 3344 auotoritas
385 3278 491 3343 feeit.“
537 3277 589 3344 De
617 3287 735 3347 seueet.
760 3285 810 3359 21,
835 3285 874 3342 77
903 3287 942 3343 ut
970 3287 1082 3345 essent
1114 3280 1170 3362 qui
1197 3278 1308 3343 imita·

181 3371 297 3430 rentur
318 3384 394 3429 eum
415 3364 503 3429 vitae
529 3363 626 3429 modo
653 3374 687 3429 et
713 3364 904 3431 denotantia.
951 3365 1004 3429 De
1025 3369 1107 3429 orat.
1130 3363 1158 3429 Ι.
1185 3369 1233 3443 15,
1257 3366 1307 3429 67.

184 3447 245 3521 Sin
267 3469 424 3532 quaeres
452 3448 612 3528 indiderit,
641 3451 678 3515 in
705 3471 769 3533 qua
796 3450 836 3516 de
864 3456 993 3527 natura,
1022 3448 1173 3516 devitiis
1203 3448 1308 3515 homi·

181 3555 269 3614 num,
293 3533 334 3599 de
355 3554 396 3599 eu
421 3533 598 3615 iditatibue,
618 3534 657 3600 de
679 3535 775 3601 modo
796 3542 829 3601 et
850 3535 1053 3601 eontinentia
1070 3572 1112 3583 -
1135 3534 1309 3602 dicendum

182 3622 232 3685 eit.
249 3657 287 3668 -
300 3620 367 3684 Par
411 3641 461 3685 ox.
474 3619 538 3685 III.
565 3621 768 3698 ,animorum
788 3621 922 3686 modum
946 3628 1075 3686 tenere“
1090 3658 1131 3669 -
1143 3622 1210 3687 Pro
1221 3620 1307 3687 Soet

182 3706 233 3771 De
256 3704 273 3768 f
306 3704 312 3718 '
340 3704 448 3769 atione
469 3705 575 3789 magia
598 3713 632 3771 et
652 3727 772 3785 errore,
795 3728 895 3790 quam
917 3706 1139 3774 miserieordia
1160 3712 1193 3772 et
1213 3704 1309 3773 modo

182 3791 313 3873 aliquan
337 3811 356 3854 o
384 3789 518 3856 oaedere
547 3790 749 3869 destiterunt.
773 3829 813 3840 -
837 3791 889 3857 Ad
918 3813 999 3874 quoe
1027 3791 1114 3858 loeas
1135 3811 1239 3857 unum
1261 3789 1308 3854 lo·

183 3898 258 3942 oum
286 3897 327 3940 ex
349 3873 509 3943 Sallustio
536 3878 736 3960 exscriptum
759 3876 878 3943 addere
900 3876 981 3942 mihi
1003 3877 1108 3956 lineat,
1137 3875 1224 3941 unde
1247 3873 1309 3939 eol·
1387 3944 1390 3948 Α

184 3961 240 4046 ligi
263 3962 376 4044 poeait,
399 3963 498 4026 etiam
516 3960 653 4027 aliorum
676 3964 871 4046 eor-iptorum
895 3983 957 4027 usu
979 3963 1069 4027 illam
1091 3960 1191 4027 huiue
1213 3977 1309 4026 voea-

182 4044 251 4112 buli
269 4046 539 4130 aignifioationern
557 4049 767 4129 comprobari.
804 4049 846 4113 In
864 4049 935 4114 Oat.
954 4069 1022 4131 aap.
1042 4046 1103 4111 XI.
1123 4045 1209 4112 enim
1227 4044 1310 4113 haee

182 4131 353 4218 leguntur:
384 4131 472 4210 „Sed
492 4138 665 4217 postquam
687 4132 783 4207 Sulla
804 4136 896 4207 bonis
917 4133 1021 4200 initiis
1042 4131 1145 4201 malon
1169 4136 1311 4201 eventus
