2962 4836
682 190 854 280 489-

202 368 314 447 putem
338 362 482 430 codicum
507 367 681 450 scriptura:
713 370 771 447 ,ut
803 363 913 429 nulla“
946 362 1002 441 (G,
1035 362 1076 441 E,
1109 362 1155 447 ll)
1188 361 1332 428 adducor
1428 420 1431 424 .

203 448 411 515 dissimulare
433 450 515 519 nolo.
561 453 654 519 Haec
676 451 779 539 igitur
795 470 849 515 me
877 447 1009 533 quidem
1034 448 1142 514 iudice
1165 447 1332 514 Ciceronis

204 541 298 601 sunt:
321 555 404 617 quae
427 536 748 619 quidemtautaest,
771 535 951 601 utnulla
973 555 1151 617 unquam
1173 532 1332 599 oblivio

203 621 295 687 eius
330 618 493 689 landem
527 625 809 691 obscuratura
840 621 912 687 sit:
946 641 1034 685 nam
1065 626 1109 685 ut
1142 620 1332 702 tropaeis

203 713 244 772 et
265 724 294 790 q.
318 728 392 772 seo.
437 706 479 774 In
513 710 600 776 hanc
632 710 852 778 coniecturam
886 705 987 772 incidi
1022 704 1237 772 similitudine
1269 704 1332 770 loci

204 791 332 870 duetus,
362 792 419 875 qui
451 796 620 862 invenitur
652 798 687 862 in
719 795 806 863 Plin.
839 814 914 878 pan.
942 796 991 857 55.
1038 792 1165 870 ,Arcus
1188 791 1274 856 enim
1299 797 1332 856 et

204 884 338 958 statuas,
362 899 435 946 aras
457 882 555 947 etiam
578 883 762 966 templaque
781 878 955 946 demolitur
972 876 1329 944 etobscnratoblivio.“

204 963 319 1047 Neque
340 965 574 1034 euimtemere
596 968 679 1033 mihi
702 986 831 1033 sumere
854 963 996 1042 videbar,
1028 964 1116 1029 hunc
1139 964 1332 1045 scriptorem

205 1050 267 1116 hoc
288 1050 368 1127 leco,
386 1051 467 1119 haee
490 1053 657 1121 Ciceronis
679 1053 779 1120 verba
801 1057 877 1116 ante
899 1049 1009 1116 oculos
1031 1049 1183 1114 habuisse
1204 1055 1237 1113 et
1257 1049 1330 1112 imi·

206 1142 310 1201 tatum
333 1156 413 1202 esse.
459 1138 497 1205 si
520 1147 628 1205 autem
652 1139 814 1217 lacunam,
837 1156 919 1221 quae
948 1135 1018 1200 sine
1036 1134 1134 1199 dubio
1156 1133 1333 1199 statuenda

205 1228 264 1294 est,
287 1220 377 1287 hunc
404 1225 438 1289 iu
460 1225 594 1291 modum
627 1225 821 1309 expleveris,
850 1222 1018 1307 aptissime
1051 1241 1133 1304 quae
1165 1225 1331 1299 secuntur,

204 1307 407 1374 videbuntur
428 1312 568 1377 annecti.
613 1312 766 1378 Alterum
787 1309 875 1376 enim
907 1312 992 1387 „ut“,
1023 1306 1109 1390 quod
1136 1305 1331 1371 vocabulum

208 1394 387 1478 ,tropaeis
408 1397 580 1477 antecedit,
594 1398 857 1464 coniunctionem
869 1393 1100 1472 concessivam,
1114 1413 1211 1475 quam
1223 1412 1331 1491 gram·

206 1480 317 1545 matici
340 1482 515 1565 appellant,
538 1505 609 1550 esse
630 1484 736 1567 primo
759 1482 875 1548 obtutu
894 1480 1063 1563 intelliget,
1094 1478 1150 1561 qni
1173 1483 1332 1543 ratronem

207 1566 372 1631 enuntiati
393 1568 545 1652 proximi,
568 1569 693 1654 quoda
721 1566 883 1653 particula
908 1573 980 1644 „at“
1005 1563 1128 1647 incipit,
1150 1570 1236 1628 recte
1258 1584 1331 1645 per-

207 1652 360 1734 spexerit.
410 1655 502 1721 Haec
531 1656 633 1739 igitur
664 1664 796 1738 recepta
826 1654 888 1719 hac
921 1650 1147 1717 emendatione
1176 1649 1334 1715 existeret

207 1740 377 1804 sententia.
424 1741 505 1818 „Bei
527 1742 633 1808 dieser
654 1742 741 1806 That
766 1740 843 1806 aber
860 1739 926 1804 bist
947 1738 990 1803 du
1000 1736 1132 1801 Fohrer
1143 1735 1210 1800 und
1222 1734 1332 1802 ‘Pheil-

206 1824 344 1890 nehmer
365 1827 523 1911 angleich,
547 1827 614 1893 und
636 1849 725 1894 nwar
745 1826 790 1892 ist
811 1825 952 1891 dieselbe
980 1845 1017 1889 so
1048 1843 1150 1906 gross,
1180 1820 1255 1887 dass
1285 1822 1332 1887 sie

206 1910 345 1976 niemals
378 1912 411 1976 in
447 1911 701 1997 Vergesscnheit
732 1912 909 1979 versinlren
944 1907 1043 1975 wird:
1078 1908 1177 1973 Denn
1208 1914 1333 1991 gesetnt

207 1994 301 2075 auch,
321 1995 397 2063 dass
419 1997 471 2063 die
493 2000 567 2065 Zeit
589 1997 945 2083 deineSiegesaeichen
962 1994 1030 2060 und
1042 1992 1247 2059 Denlrm'aler
1259 2014 1332 2060 ver-

207 2080 340 2147 nichten
364 2083 446 2149 wird
469 2084 570 2166 (donn
593 2107 628 2151 es
646 2084 736 2170 giebt
757 2083 865 2150 nichts
887 2104 951 2148 von
975 2078 1249 2145 Menschcnhand
1277 2100 1332 2164 ge·

206 2168 327 2248 maoht,
350 2190 419 2236 was
441 2172 535 2238 nicht
555 2171 675 2237 einmal
699 2191 774 2238 vom
792 2169 885 2235 Zahn
909 2167 966 2233 der
987 2167 1061 2231 Zeit
1082 2173 1247 2250 augenagt
1264 2166 1332 2229 und

102 2253 110 2266 '
206 2255 358 2319 verzehrt
375 2257 512 2340 wiirde),
536 2279 572 2323 so
605 2256 689 2323 wird
722 2256 805 2322 doch
837 2254 926 2320 diesc
957 2252 1051 2318 deine
1081 2249 1334 2335 Gereohtigheit

205 2338 274 2404 und
293 2338 396 2407 Milde
417 2343 541 2427 tdglich
564 2342 659 2408 mehr
686 2340 946 2425 hervorglannen
970 2337 1036 2403 und
1059 2357 1146 2402 nwar
1173 2358 1218 2415 so,
1247 2336 1332 2416 dass,

206 2444 275 2492 was
293 2426 345 2492 die
367 2427 484 2512 Lange
507 2428 564 2494 der
585 2428 659 2494 Zeit
689 2428 804 2494 dcinen
836 2421 1051 2509 (sichtbaren)
1079 2422 1229 2488 Werhen
1260 2429 1331 2488 ent·

207 2512 314 2590 reisst,
334 2512 382 2579 sie
405 2513 534 2581 deinem
552 2515 686 2581 Ruhme
708 2514 845 2598 nulegen
868 2510 979 2578 wird.“
1004 2547 1044 2557 —

293 2597 432 2679 Quaerit
458 2607 568 2667 tamen
590 2601 744 2680 Wolfius,
768 2599 873 2682 qualis
898 2598 961 2664 ista
983 2600 1149 2661 structura
1171 2594 1223 2659 sit:
1249 2593 1332 2672 „Ire-

205 2682 292 2749 nitas
312 2692 369 2751 tua
390 2686 532 2754 florescit
554 2685 699 2771 quotidie
716 2686 822 2771 magle
840 2686 887 2749 ita
909 2690 999 2748 ut-
1012 2682 1127 2747 afferat
1147 2679 1330 2745 laudibus.“

205 2770 259 2859 Ad
283 2768 362 2837 haec
385 2771 441 2838 vix
462 2781 521 2853 est,
545 2773 629 2857 qnod
659 2772 922 2855 respondeamus,
948 2789 1022 2836 eum
1046 2766 1171 2833 codices
1194 2765 1226 2831 G
1249 2765 1331 2830 etl}

205 2861 239 2920 et
255 2855 449 2923 Lactantius
470 2866 641 2938 testentur,
665 2858 856 2925 Ciceronem
879 2878 944 2922 non
970 2856 1154 2933 „florescet“
1174 2851 1230 2918 sed
1256 2852 1332 2929 ,flo-

205 2942 322 3006 rescit“
347 2945 524 3027 scripsisse,
547 2945 580 3010 id
603 2945 688 3028 quod
711 2944 816 3009 multo
837 2942 943 3027 magis
970 2940 1005 3005 in
1036 2938 1230 3005 sententiam
1253 2958 1332 3021 qua·

206 3026 287 3092 drat.
332 3028 466 3097 Scilicet
486 3031 573 3097 inest
592 3031 629 3096 in
659 3030 819 3096 eiusmodi
844 3027 953 3094 verbis
982 3026 1047 3090 iam
1079 3021 1237 3108 quaedam
1263 3024 1332 3100 ,fu-

205 3114 292 3178 turi“
334 3115 432 3195 notio,
468 3116 516 3181 ita
548 3125 586 3181 ut
617 3116 718 3181 futuri
750 3116 856 3181 forma
889 3135 954 3179 non
982 3133 1064 3195 opus
1096 3111 1147 3176 sit.
1205 3076 1331 3174 Eodem

205 3199 301 3264 modo
320 3199 468 3267 adhibuit
486 3202 626 3285 scriptor
645 3200 782 3268 verbum
800 3197 1093 3280 „enitescendi“[ad
1105 3196 1251 3261 Herenn.
1270 3195 1331 3260 IV.

207 3288 257 3348 b‘l.
284 3289 413 3364 „amisit
442 3289 594 3366 animam,
620 3287 773 3371 (Decius)
795 3287 917 3371 potitus
939 3291 990 3351 est
1013 3283 1125 3367 gloria,
1150 3286 1231 3364 qnae
1257 3302 1331 3347 cum

207 3384 336 3459 summa
356 3373 452 3439 lande
474 3374 602 3459 prodita
630 3372 774 3457 quotidie
795 3374 899 3456 magis
929 3370 1115 3451 enitescit“3
1145 3366 1228 3451 qnod
1256 3387 1330 3451 gre-

206 3453 281 3521 vius
314 3464 372 3537 est,
406 3481 503 3543 quam
539 3461 567 3526 si
600 3459 784 3543 scripsisset
815 3459 1019 3536 „enitescet“.
1067 3454 1192 3539 Forma
1222 3460 1331 3516 autem

209 3540 408 3622 „florescere
454 3554 493 3610 ut
529 3547 590 3611 hoc
628 3543 756 3624 addam,
797 3545 866 3609 sine
905 3541 1002 3607 dubio
1046 3540 1184 3625 debetur
1223 3559 1331 3603 emen·

206 3626 306 3693 dandi
328 3628 436 3692 studio
456 3631 589 3708 librarii,
626 3633 681 3714 qui
714 3630 814 3695 verbo
849 3628 1037 3707 „detrahet“
1073 3624 1225 3690 seductus
1258 3646 1330 3707 per·

205 3733 320 3797 peram
338 3734 420 3792 eam,
443 3737 540 3797 qnam
561 3718 690 3782 invenit
701 3716 840 3780 formam
862 3713 1012 3779 mutavit.
1057 3711 1114 3777 Sic
1131 3711 1330 3794 plerumque,

205 3799 290 3883 quod
313 3799 436 3866 librarii
460 3802 677 3884 deliquerunt,
700 3802 856 3866 orationis
878 3807 1031 3865 auctora
1053 3798 1123 3864 viro
1140 3795 1331 3880 doetopleo-

206 3887 295 3951 titur.
340 3885 454 3965 Miror,
478 3886 562 3968 quod
584 3891 607 3971 t.
634 3891 681 3952 12.
727 3886 878 3966 Wolfius,
896 3885 952 3966 qui
970 3883 1331 3949 studiosissimeomnes

206 3968 389 4055 carpendae
408 3972 565 4038 orationis
586 3974 769 4038 occasiones
780 3972 957 4056 conquirat,
970 3969 1161 4036 vocabulum
1177 3968 1329 4046 „auditn“

205 4058 366 4123 intactum
395 4059 535 4141 reliquit.
589 4059 752 4124 Patricius
785 4057 917 4123 exhibet
952 4055 1148 4133 „auditnm“,
1181 4048 1266 4136 quod
1298 4059 1332 4116 ct

205 4140 287 4211 mihi
309 4146 416 4231 magis
438 4145 570 4227 arridet,
593 4164 666 4212 cum
691 4146 799 4228 aptius
820 4141 1017 4228 respondeat
1038 4142 1093 4222 eis,
1115 4160 1197 4222 quae
1219 4160 1331 4205 secun·
