2962 4836
607 200 780 263 ...50-

125 393 206 457 quos
220 378 378 456 perpetuo
396 391 457 436 usu
469 369 583 436 Latini
603 369 770 453 appellant
787 371 895 435 suos.“
906 403 949 414 -
971 365 1029 434 Sic
1052 388 1138 448 vcro,
1154 366 1255 449 addit,

126 482 167 524 ex
188 457 251 523 alia
272 464 365 541 parte
388 457 459 522 sine
477 462 591 522 nostra
612 454 707 538 eulpa
728 453 856 520 laborat
873 453 985 533 oratio,
1009 453 1172 539 siquidem
1190 455 1256 520 iam

127 544 263 610 molesta
295 542 476 626 tautologia
504 542 659 620 nascitur,
691 542 748 620 „iu
781 564 857 607 suos
885 540 981 618 cives,
1004 540 1038 605 in
1061 541 1256 625 patriam.““

212 630 287 695 Non
320 629 500 694 laborasset
532 628 648 706 oratio,
683 627 713 691 si
745 626 873 693 sincero
905 626 1025 691 iudicio
1058 629 1111 692 vir
1143 626 1256 693 doctus

126 717 183 797 uti,
205 737 304 799 quam
325 715 413 781 hunc
435 722 601 780 auctorem
624 712 770 779 cavillari
799 713 977 777 maluisset.
1023 712 1138 795 Neque
1167 714 1256 777 enim

125 803 296 887 ignorasse
329 798 493 884 putandus
532 807 597 877 est,
636 799 724 864 illius
757 798 905 866 vocabuli
945 819 1042 863 usum
1080 797 1255 881 nonsstam

129 888 279 973 angustis
301 886 421 951 finibus
444 885 613 952 contineri.
670 884 810 949 Romani
839 906 907 949 non
936 884 1203 968 modossuxorem
1225 891 1258 949 et

126 973 248 1039 liberos
271 981 305 1037 et
326 995 390 1051 eos,
414 971 469 1054 qui
487 969 634 1036 eiusdem
656 969 798 1036 familiae
816 971 869 1035 vel
890 969 997 1054 gentis
1019 979 1116 1035 erant
1137 973 1257 1049 ‚,suos“

129 1060 353 1137 nominabant,
384 1056 442 1137 ¹sed
468 1058 566 1122 etiam
595 1077 718 1134 omnes,
748 1057 931 1140 quicunque
954 1054 1060 1139 aliquo
1082 1058 1221 1123 necessit
1244 1091 1257 1103 ·

129 1145 214 1211 dinis
244 1152 301 1210 aut
332 1142 563 1208 familiaritatis
597 1141 726 1209 vinculo
760 1141 925 1208 coniuncti
959 1149 1063 1224 erant,
1096 1144 1149 1208 vel
1178 1164 1258 1225 quos

131 1231 247 1314 aliquis
268 1230 433 1296 beneficiis
455 1227 517 1294 sibi
538 1228 777 1307 conciliaverat,
800 1228 861 1295 hoc
883 1228 1016 1293 nomine
1038 1227 1257 1313 appellabant.

129 1317 309 1399 Aptissima
331 1318 433 1398 igitur
454 1320 564 1379 orator
586 1313 792 1397 progreditur
814 1315 854 1379 ab
877 1313 1064 1380 hominibus
1087 1315 1258 1380 artissimis

129 1402 271 1470 vinculis
293 1399 483 1479 coniunctis,
514 1398 555 1463 ad
577 1400 717 1482 patriam
740 1399 850 1483 plures
874 1400 1022 1466 homines
1044 1400 1259 1485 complecten-

128 1496 195 1554 tem
223 1487 265 1552 ad
294 1508 389 1552 omne
420 1485 558 1568 denique
588 1507 691 1569 genus
722 1485 902 1566 hominum,
936 1487 990 1568 qui
1024 1486 1143 1570 ubique
1170 1493 1257 1552 sunt.

128 1574 222 1639 Haec
241 1579 292 1638 est
314 1593 426 1651 causa,
455 1593 514 1638 our
543 1579 673 1654 praeter
696 1571 856 1637 Wolfium
886 1572 955 1638 fere
982 1593 1095 1639 omnes
1117 1570 1259 1639 editores

128 1658 212 1724 illud
234 1660 373 1739 „cives“,
405 1664 443 1722 ut
475 1658 624 1740 ineptum
654 1657 913 1724 additamentum
940 1657 1158 1724 omittendum
1188 1679 1259 1725 esse

128 1745 315 1812 statuerint.
339 1784 380 1798 «-

214 1830 268 1896 Ad
289 1827 377 1895 idem
402 1828 579 1895 cavillandi
608 1828 752 1895 studium
781 1830 989 1896 referendum
1013 1831 1143 1898 videtur
1172 1829 1257 1914 quod

129 1918 180 1983 vir
202 1916 315 1982 doetus
336 1917 372 1980 in
394 1917 417 2000 t.
442 1919 483 1980 28
505 1915 646 1981 formam
675 1914 852 1996 „dieenda“
882 1939 923 1982 ex
947 1916 1141 2000 quibusdam
1169 1915 1257 1983 codi-

129 2003 221 2070 cibus
250 2001 382 2086 rccepit,
412 2023 471 2085 pro
494 2000 684 2081 „ducenda“
706 2000 748 2081 id,
778 2001 864 2085 quod
886 2001 963 2067 libri
985 2002 1076 2084 G,E
1100 2003 1258 2088 praebent

129 2097 163 2156 et
191 2090 298 2156 solum
321 2087 490 2154 Ciceronis
518 2108 588 2154 esse
617 2095 767 2171 apparet,
791 2109 989 2173 quamquam
1011 2090 1072 2157 hoo
1095 2090 1258 2173 posterius

128 2175 198 2259 ipse
216 2173 468 2260 praeferendum
489 2174 575 2238 etin
595 2174 657 2239 hac
675 2175 838 2240 sententia
857 2197 985 2243 summo
1003 2176 1123 2242 oratori
1156 2175 1257 2243 usita-

130 2262 197 2327 tius
230 2281 300 2327 esse
340 2258 495 2328 concedit.
563 2258 766 2345 Quocunque
801 2262 979 2339 vertimur,
1013 2262 1125 2346 iniqua
1160 2261 1258 2341 nobis

130 2347 274 2414 occurrit
295 2345 508 2430 percensendi
530 2348 623 2412 ratio.

215 2434 356 2498 Frustra
378 2432 484 2516 adhuc
513 2454 643 2516 quaero,
671 2432 749 2515 quid
775 2432 827 2513 sit,
854 2456 913 2500 our
939 2433 1062 2500 Wolfio
1093 2443 1258 2502 construc-

132 2521 178 2586 tio
209 2519 304 2585 uerbi
345 2519 568 2598 „continetur“
602 2519 677 2584 usui
710 2518 862 2585 Tulliano
896 2522 1060 2586 contraria
1099 2521 1173 2588 visa
1205 2521 1258 2588 sit.

132 2603 201 2673 Sed
218 2627 293 2673 oum
316 2604 368 2671 vir
390 2602 503 2670 doctus
525 2626 641 2689 operae
664 2604 807 2688 pretium
829 2627 895 2671 non
916 2606 1057 2687 duxerit,
1085 2606 1203 2674 addere
1226 2617 1260 2674 et

131 2691 315 2760 accuratius
348 2712 526 2775 exponere,
561 2712 620 2757 cur
651 2691 733 2756 illud
788 2713 870 2758 enus
902 2692 1057 2760 vitiosum
1086 2693 1259 2761 dicendum

134 2779 187 2859 sit,
210 2777 328 2857 nescio,
351 2777 429 2859 quid
453 2776 495 2842 ad
517 2775 675 2842 tuendum
703 2715 787 2842 illud
808 2779 944 2845 verbum
972 2781 1143 2862 proferam,
1172 2780 1258 2863 quod

131 2887 205 2931 mea
232 2862 363 2948 quidem
390 2862 551 2929 sententia
578 2862 670 2927 nulla
705 2870 780 2948 eget
809 2864 1006 2931 defensione.
1041 2903 1083 2913 -—
1113 2865 1256 2930 Facilius

131 2950 236 3017 refelli
262 2956 417 3034 possunt,
447 2969 531 3033 quae
559 2948 703 3014 Wolfius
733 2949 775 3015 ad
802 2949 863 3016 hoc
899 2951 1118 3017 enuntiatum.
1171 2951 1258 3029 „Ob-

131 3043 324 3122 stupescunt
346 3035 555 3119 -legentes
584 3040 677 3100 tuos“
702 3035 880 3102 adnotavit.
928 3038 1039 3116 „Haec
1065 3059 1138 3104 eam
1162 3036 1259 3103 collo·

133 3124 306 3202 cntionem,
339 3121 455 3205 inquit,
485 3120 618 3200 habent,
652 3127 690 3185 ut
717 3142 814 3187 nemo
846 3129 935 3188 certo
962 3124 1061 3204 sciat,
1088 3130 1201 3189 utrum
1227 3129 1260 3189 et

132 3210 263 3292 fluvios,
290 3205 434 3290 adquae
465 3227 614 3291 „pugnae
640 3206 915 3274 innumerabiles“
944 3209 1048 3275 factae
1077 3217 1173 3290 sunt,
1204 3209 1260 3286 obe

132 3299 322 3380 stupescant
354 3293 491 3376 posteri,
532 3312 573 3357 an
605 3292 662 3358 illa
694 3294 818 3374 omnia,
864 3295 1036 3379 „imperia,
1075 3296 1260 3378 provincias

132 3381 289 3449 Rhenum
312 3385 370 3445 etc.
394 3378 556 3444 trahenda
578 3378 645 3444 sint
666 3378 708 3444 ad
729 3380 899 3446 audientes
921 3389 954 3446 et
976 3380 1152 3465 legentcs“.

218 3467 355 3532 Tirones
367 3465 531 3531 orationes
545 3465 655 3549 legere
668 3464 862 3549 incipientes
873 3465 1020 3532 dubitare
1031 3475 1178 3550 possunt,
1198 3489 1260 3550 quo

132 3552 344 3620 referantilla
356 3551 463 3631 verba,
483 3552 513 3616 ei
525 3557 645 3630 autem,
656 3551 712 3635 qui
723 3551 926 3636 aliquantum
938 3552 1135 3635 profecerint
1151 3555 1186 3618 in
1196 3554 1262 3618 lin·

133 3661 198 3726 gua
210 3641 371 3719 Romana,
384 3660 424 3704 ne
436 3637 583 3722 paullum
594 3635 725 3722 quidem
737 3637 896 3717 dubitant,
911 3661 985 3705 cum
997 3639 1109 3718 sciant,
1126 3639 1263 3705 verbum

136 3724 424 3809 „obstupescendi“
439 3722 526 3808 apud
535 3744 651 3808 prosae
670 3724 825 3790 orationis
843 3726 1018 3808 scriptores
1029 3745 1096 3792 non
1114 3746 1186 3791 esse
1197 3723 1261 3793 nisi

134 3812 284 3877 neutrius
300 3809 560 3894 significationis,
579 3829 639 3874 nec
656 3831 729 3875 oum
742 3811 927 3878 accusativo
940 3810 1102 3895 coniungi.
1124 3812 1193 3877 Nee
1211 3811 1261 3874 in·

134 3903 313 3981 terpretcm
335 3896 464 3980 generis
486 3894 631 3961 Tulliani
657 3896 800 3980 peritum
821 3898 935 3982 fugere
963 3904 1079 3978 potest,
1107 3897 1165 3962 illa
1186 3917 1261 3979 par·

134 3983 247 4067 ticipia
278 3980 465 4062 ,audientes
487 3990 521 4047 ct
541 3980 707 4065 legentes“
732 4004 752 4048 a
774 3988 841 4047 tam
863 3981 1006 4068 eleganti
1029 3986 1187 4067 scriptore
1210 3980 1263 4048 ab·

135 4070 241 4136 solute
273 4090 340 4134 non
367 4067 473 4151 posita
501 4088 572 4134 esse
600 4087 660 4133 nec
685 4067 765 4150 poni
792 4069 946 4152 potuisse.
1003 4067 1148 4149 Accedit,
1177 4065 1263 4154 quod

135 4155 330 4232 vocabulum
362 4160 474 4234 „tuos“
504 4161 579 4237 post
607 4153 746 4221 verbum
778 4154 960 4245 „legentes“
990 4156 1134 4245 positum
1162 4154 1262 4227 etiam
