<?xml version="1.0" encoding="UTF-8"?>
<!DOCTYPE html PUBLIC "-//W3C//DTD XHTML 1.0 Transitional//EN"
    "http://www.w3.org/TR/xhtml1/DTD/xhtml1-transitional.dtd">
<html xmlns="http://www.w3.org/1999/xhtml" xml:lang="en" lang="en">
 <head>
  <title>
</title>
<meta http-equiv="Content-Type" content="text/html;charset=utf-8" />
  <meta name='ocr-system' content='tesseract 3.04.00' />
  <meta name='ocr-capabilities' content='ocr_page ocr_carea ocr_par ocr_line ocrx_word'/>
</head>
<body>
  <div class='ocr_page' id='page_1' title='image "./orationempromma00hahngoog_0060.png"; bbox 0 0 2962 4836; ppageno 0'>
   <div class='ocr_carea' id='block_1_1' title="bbox 688 213 860 276">
    <p class='ocr_par' dir='ltr' id='par_1_1' title="bbox 688 213 860 276">
     <span class='ocr_line' id='line_1_1' title="bbox 688 213 860 276; baseline 0 -17"><span class='ocrx_word' id='word_1_1' title='bbox 688 213 860 276; x_wconf 79' lang='lat'>-55..</span> 
     </span>
    </p>
   </div>
   <div class='ocr_carea' id='block_1_2' title="bbox 208 382 1341 2181">
    <p class='ocr_par' dir='ltr' id='par_1_2' title="bbox 208 382 1341 1670">
     <span class='ocr_line' id='line_1_2' title="bbox 209 382 1339 468; baseline -0.002 -18"><span class='ocrx_word' id='word_1_2' title='bbox 209 392 455 468; x_wconf 89' lang='lat' dir='ltr'>eamquerecte</span> <span class='ocrx_word' id='word_1_3' title='bbox 478 382 601 449; x_wconf 89' lang='lat' dir='ltr'>abhoc</span> <span class='ocrx_word' id='word_1_4' title='bbox 624 389 753 449; x_wconf 87' lang='lat' dir='ltr'>oratore</span> <span class='ocrx_word' id='word_1_5' title='bbox 781 382 969 450; x_wconf 86' lang='lat' dir='ltr'>abiudicari.</span> <span class='ocrx_word' id='word_1_6' title='bbox 1021 382 1112 465; x_wconf 77' lang='lat' dir='ltr'>quin</span> <span class='ocrx_word' id='word_1_7' title='bbox 1141 384 1241 450; x_wconf 91' lang='lat' dir='ltr'>immo</span> <span class='ocrx_word' id='word_1_8' title='bbox 1269 403 1339 449; x_wconf 90' lang='lat' dir='ltr'>om·</span> 
     </span>
     <span class='ocr_line' id='line_1_3' title="bbox 209 468 1338 554; baseline -0.001 -18"><span class='ocrx_word' id='word_1_9' title='bbox 209 472 306 537; x_wconf 91' lang='lat' dir='ltr'>nibus</span> <span class='ocrx_word' id='word_1_10' title='bbox 328 469 477 554; x_wconf 88' lang='lat' dir='ltr'>partibus</span> <span class='ocrx_word' id='word_1_11' title='bbox 502 470 672 551; x_wconf 81' lang='lat' dir='ltr'>ingenium</span> <span class='ocrx_word' id='word_1_12' title='bbox 701 477 734 534; x_wconf 90' lang='lat' dir='ltr'>ct</span> <span class='ocrx_word' id='word_1_13' title='bbox 756 468 884 535; x_wconf 90' lang='lat' dir='ltr'>dicendi</span> <span class='ocrx_word' id='word_1_14' title='bbox 913 470 1039 553; x_wconf 84' lang='lat' dir='ltr'>copiam</span> <span class='ocrx_word' id='word_1_15' title='bbox 1069 469 1236 536; x_wconf 73' lang='lat' dir='ltr'>Ciceronis</span> <span class='ocrx_word' id='word_1_16' title='bbox 1264 491 1338 552; x_wconf 90' lang='lat' dir='ltr'>pro·</span> 
     </span>
     <span class='ocr_line' id='line_1_4' title="bbox 209 555 1339 640; baseline -0.002 -19"><span class='ocrx_word' id='word_1_17' title='bbox 209 558 314 640; x_wconf 86' lang='lat' dir='ltr'>priam</span> <span class='ocrx_word' id='word_1_18' title='bbox 343 557 470 621; x_wconf 80' lang='lat' dir='ltr'>elucere</span> <span class='ocrx_word' id='word_1_19' title='bbox 504 555 663 635; x_wconf 78' lang='lat' dir='ltr'>vidimus,</span> <span class='ocrx_word' id='word_1_20' title='bbox 697 556 854 637; x_wconf 85' lang='lat' dir='ltr'>nobisque</span> <span class='ocrx_word' id='word_1_21' title='bbox 883 555 1123 639; x_wconf 88' lang='lat' dir='ltr'>persuasimus,</span> <span class='ocrx_word' id='word_1_22' title='bbox 1150 577 1217 621; x_wconf 90' lang='lat' dir='ltr'>non</span> <span class='ocrx_word' id='word_1_23' title='bbox 1244 557 1339 621; x_wconf 87' lang='lat' dir='ltr'>fictae</span> 
     </span>
     <span class='ocr_line' id='line_1_5' title="bbox 210 640 1338 725; baseline -0.002 -17"><span class='ocrx_word' id='word_1_24' title='bbox 210 650 266 708; x_wconf 88' lang='lat' dir='ltr'>aut</span> <span class='ocrx_word' id='word_1_25' title='bbox 287 643 415 708; x_wconf 76' lang='lat' dir='ltr'>fucatae</span> <span class='ocrx_word' id='word_1_26' title='bbox 436 642 515 707; x_wconf 88' lang='lat' dir='ltr'>artis</span> <span class='ocrx_word' id='word_1_27' title='bbox 537 641 644 725; x_wconf 85' lang='lat' dir='ltr'>specie</span> <span class='ocrx_word' id='word_1_28' title='bbox 665 640 816 707; x_wconf 90' lang='lat' dir='ltr'>homines</span> <span class='ocrx_word' id='word_1_29' title='bbox 838 640 948 707; x_wconf 90' lang='lat' dir='ltr'>doctos</span> <span class='ocrx_word' id='word_1_30' title='bbox 976 663 1035 724; x_wconf 89' lang='lat' dir='ltr'>per</span> <span class='ocrx_word' id='word_1_31' title='bbox 1058 649 1106 707; x_wconf 91' lang='lat' dir='ltr'>tot</span> <span class='ocrx_word' id='word_1_32' title='bbox 1127 641 1256 708; x_wconf 87' lang='lat' dir='ltr'>saecula</span> <span class='ocrx_word' id='word_1_33' title='bbox 1283 641 1338 706; x_wconf 89' lang='lat' dir='ltr'>dc·</span> 
     </span>
     <span class='ocr_line' id='line_1_6' title="bbox 210 726 1341 811; baseline -0.002 -17"><span class='ocrx_word' id='word_1_34' title='bbox 210 735 320 811; x_wconf 82' lang='lat' dir='ltr'>ceptus</span> <span class='ocrx_word' id='word_1_35' title='bbox 341 749 420 807; x_wconf 91' lang='lat' dir='ltr'>esse,</span> <span class='ocrx_word' id='word_1_36' title='bbox 444 726 501 793; x_wconf 89' lang='lat' dir='ltr'>sed</span> <span class='ocrx_word' id='word_1_37' title='bbox 524 749 581 793; x_wconf 90' lang='lat' dir='ltr'>suo</span> <span class='ocrx_word' id='word_1_38' title='bbox 596 727 668 792; x_wconf 88' lang='lat' dir='ltr'>iure</span> <span class='ocrx_word' id='word_1_39' title='bbox 690 727 776 791; x_wconf 88' lang='lat' dir='ltr'>hanc</span> <span class='ocrx_word' id='word_1_40' title='bbox 794 727 1032 794; x_wconf 89' lang='lat' dir='ltr'>oratiunculam</span> <span class='ocrx_word' id='word_1_41' title='bbox 1055 728 1090 791; x_wconf 91' lang='lat' dir='ltr'>in</span> <span class='ocrx_word' id='word_1_42' title='bbox 1111 726 1341 811; x_wconf 88' lang='lat' dir='ltr'>pulcherrimis</span> 
     </span>
     <span class='ocr_line' id='line_1_7' title="bbox 210 812 1339 896; baseline -0.002 -17"><span class='ocrx_word' id='word_1_43' title='bbox 210 814 413 896; x_wconf 89' lang='lat' dir='ltr'>eloquentiae</span> <span class='ocrx_word' id='word_1_44' title='bbox 436 814 609 879; x_wconf 74' lang='lat' dir='ltr'>Tullianae</span> <span class='ocrx_word' id='word_1_45' title='bbox 626 812 786 895; x_wconf 84' lang='lat' dir='ltr'>exemplis</span> <span class='ocrx_word' id='word_1_46' title='bbox 809 813 971 878; x_wconf 89' lang='lat' dir='ltr'>retulisse.</span> <span class='ocrx_word' id='word_1_47' title='bbox 1015 813 1085 878; x_wconf 87' lang='lat' dir='ltr'>Nec</span> <span class='ocrx_word' id='word_1_48' title='bbox 1107 812 1267 879; x_wconf 89' lang='lat' dir='ltr'>Wolfium</span> <span class='ocrx_word' id='word_1_49' title='bbox 1288 813 1339 896; x_wconf 93' lang='lat' dir='ltr'>ip·</span> 
     </span>
     <span class='ocr_line' id='line_1_8' title="bbox 209 898 1339 978; baseline -0.001 -13"><span class='ocrx_word' id='word_1_50' title='bbox 209 921 292 978; x_wconf 90' lang='lat' dir='ltr'>sum,</span> <span class='ocrx_word' id='word_1_51' title='bbox 304 899 546 978; x_wconf 86' lang='lat' dir='ltr'>affirmaverim,</span> <span class='ocrx_word' id='word_1_52' title='bbox 570 900 724 965; x_wconf 83' lang='lat' dir='ltr'>exanimi</span> <span class='ocrx_word' id='word_1_53' title='bbox 747 901 910 964; x_wconf 86' lang='lat' dir='ltr'>sententia</span> <span class='ocrx_word' id='word_1_54' title='bbox 921 899 1166 969; x_wconf 82' lang='lat' dir='ltr'>Marcellianam</span> <span class='ocrx_word' id='word_1_55' title='bbox 1181 898 1339 965; x_wconf 83' lang='lat' dir='ltr'>Cicerone</span> 
     </span>
     <span class='ocr_line' id='line_1_9' title="bbox 210 983 1341 1070; baseline 0 -21"><span class='ocrx_word' id='word_1_56' title='bbox 210 984 379 1070; x_wconf 88' lang='lat' dir='ltr'>indignam</span> <span class='ocrx_word' id='word_1_57' title='bbox 401 984 571 1063; x_wconf 88' lang='lat' dir='ltr'>iudicasse,</span> <span class='ocrx_word' id='word_1_58' title='bbox 604 984 661 1049; x_wconf 90' lang='lat' dir='ltr'>sed</span> <span class='ocrx_word' id='word_1_59' title='bbox 690 985 932 1051; x_wconf 88' lang='lat' dir='ltr'>conscribendis</span> <span class='ocrx_word' id='word_1_60' title='bbox 960 985 1024 1050; x_wconf 92' lang='lat' dir='ltr'>illis</span> <span class='ocrx_word' id='word_1_61' title='bbox 1052 983 1341 1052; x_wconf 86' lang='lat' dir='ltr'>animadversioni·</span> 
     </span>
     <span class='ocr_line' id='line_1_10' title="bbox 211 1071 1340 1155; baseline 0 -20"><span class='ocrx_word' id='word_1_62' title='bbox 211 1071 272 1136; x_wconf 94' lang='lat' dir='ltr'>bus</span> <span class='ocrx_word' id='word_1_63' title='bbox 294 1071 484 1154; x_wconf 80' lang='lat' dir='ltr'>exemplum</span> <span class='ocrx_word' id='word_1_64' title='bbox 507 1071 602 1136; x_wconf 90' lang='lat' dir='ltr'>edere</span> <span class='ocrx_word' id='word_1_65' title='bbox 625 1071 777 1150; x_wconf 79' lang='lat' dir='ltr'>voluisse,</span> <span class='ocrx_word' id='word_1_66' title='bbox 800 1093 862 1153; x_wconf 93' lang='lat' dir='ltr'>quo</span> <span class='ocrx_word' id='word_1_67' title='bbox 885 1072 1068 1137; x_wconf 87' lang='lat' dir='ltr'>deterreret</span> <span class='ocrx_word' id='word_1_68' title='bbox 1087 1072 1122 1137; x_wconf 92' lang='lat' dir='ltr'>in</span> <span class='ocrx_word' id='word_1_69' title='bbox 1144 1071 1340 1155; x_wconf 87' lang='lat' dir='ltr'>quaestioni·</span> 
     </span>
     <span class='ocr_line' id='line_1_11' title="bbox 210 1142 1339 1241; baseline 0.001 -20"><span class='ocrx_word' id='word_1_70' title='bbox 210 1155 269 1223; x_wconf 91' lang='lat' dir='ltr'>bus</span> <span class='ocrx_word' id='word_1_71' title='bbox 292 1157 413 1224; x_wconf 89' lang='lat' dir='ltr'>criticis</span> <span class='ocrx_word' id='word_1_72' title='bbox 435 1157 605 1241; x_wconf 80' lang='lat' dir='ltr'>ingenium</span> <span class='ocrx_word' id='word_1_73' title='bbox 636 1165 834 1235; x_wconf 85' lang='lat' dir='ltr'>exercentes,</span> <span class='ocrx_word' id='word_1_74' title='bbox 864 1155 905 1222; x_wconf 83' lang='lat' dir='ltr'>ne</span> <span class='ocrx_word' id='word_1_75' title='bbox 933 1158 1008 1240; x_wconf 91' lang='lat' dir='ltr'>plus</span> <span class='ocrx_word' id='word_1_76' title='bbox 1041 1157 1128 1222; x_wconf 87' lang='lat' dir='ltr'>iusto</span> <span class='ocrx_word' id='word_1_77' title='bbox 1156 1142 1234 1223; x_wconf 64' lang='lat' dir='ltr'>effac</span> <span class='ocrx_word' id='word_1_78' title='bbox 1264 1154 1339 1222; x_wconf 88' lang='lat' dir='ltr'>dcc·</span> 
     </span>
     <span class='ocr_line' id='line_1_12' title="bbox 210 1241 1339 1327; baseline 0.002 -21"><span class='ocrx_word' id='word_1_79' title='bbox 210 1243 317 1308; x_wconf 89' lang='lat' dir='ltr'>trinae</span> <span class='ocrx_word' id='word_1_80' title='bbox 351 1265 473 1326; x_wconf 89' lang='lat' dir='ltr'>suoque</span> <span class='ocrx_word' id='word_1_81' title='bbox 506 1243 641 1308; x_wconf 88' lang='lat' dir='ltr'>arbitrio</span> <span class='ocrx_word' id='word_1_82' title='bbox 678 1242 860 1308; x_wconf 87' lang='lat' dir='ltr'>tribuerent</span> <span class='ocrx_word' id='word_1_83' title='bbox 893 1249 927 1308; x_wconf 88' lang='lat' dir='ltr'>et</span> <span class='ocrx_word' id='word_1_84' title='bbox 960 1265 1037 1308; x_wconf 89' lang='lat' dir='ltr'>vera</span> <span class='ocrx_word' id='word_1_85' title='bbox 1069 1242 1215 1327; x_wconf 85' lang='lat' dir='ltr'>falsaque</span> <span class='ocrx_word' id='word_1_86' title='bbox 1247 1241 1339 1308; x_wconf 88' lang='lat' dir='ltr'>nulle</span> 
     </span>
     <span class='ocr_line' id='line_1_13' title="bbox 209 1328 1338 1413; baseline 0.001 -21"><span class='ocrx_word' id='word_1_87' title='bbox 209 1328 396 1394; x_wconf 89' lang='lat' dir='ltr'>discrimine</span> <span class='ocrx_word' id='word_1_88' title='bbox 428 1330 696 1413; x_wconf 83' lang='lat' dir='ltr'>perstringerent.</span> <span class='ocrx_word' id='word_1_89' title='bbox 758 1328 835 1412; x_wconf 91' lang='lat' dir='ltr'>Ipse</span> <span class='ocrx_word' id='word_1_90' title='bbox 876 1329 965 1394; x_wconf 89' lang='lat' dir='ltr'>enim</span> <span class='ocrx_word' id='word_1_91' title='bbox 994 1329 1029 1394; x_wconf 91' lang='lat' dir='ltr'>in</span> <span class='ocrx_word' id='word_1_92' title='bbox 1063 1329 1196 1413; x_wconf 83' lang='lat' dir='ltr'>praefat.</span> <span class='ocrx_word' id='word_1_93' title='bbox 1230 1349 1262 1412; x_wconf 88' lang='lat' dir='ltr'>p.</span> <span class='ocrx_word' id='word_1_94' title='bbox 1296 1332 1338 1394; x_wconf 83' lang='lat'>40</span> 
     </span>
     <span class='ocr_line' id='line_1_14' title="bbox 210 1414 1339 1500; baseline -0.001 -21"><span class='ocrx_word' id='word_1_95' title='bbox 210 1414 296 1494; x_wconf 88' lang='lat' dir='ltr'>dicit,</span> <span class='ocrx_word' id='word_1_96' title='bbox 318 1414 417 1480; x_wconf 91' lang='lat' dir='ltr'>licere</span> <span class='ocrx_word' id='word_1_97' title='bbox 439 1414 613 1480; x_wconf 88' lang='lat' dir='ltr'>lectoribus</span> <span class='ocrx_word' id='word_1_98' title='bbox 642 1420 794 1493; x_wconf 87' lang='lat' dir='ltr'>statuere,</span> <span class='ocrx_word' id='word_1_99' title='bbox 825 1435 859 1478; x_wconf 87' lang='lat' dir='ltr'>se</span> <span class='ocrx_word' id='word_1_100' title='bbox 888 1414 997 1500; x_wconf 90' lang='lat' dir='ltr'>ipsum</span> <span class='ocrx_word' id='word_1_101' title='bbox 1026 1436 1093 1480; x_wconf 93' lang='lat' dir='ltr'>non</span> <span class='ocrx_word' id='word_1_102' title='bbox 1116 1436 1188 1481; x_wconf 86' lang='lat' dir='ltr'>rem</span> <span class='ocrx_word' id='word_1_103' title='bbox 1218 1414 1339 1480; x_wconf 84' lang='lat' dir='ltr'>seriam</span> 
     </span>
     <span class='ocr_line' id='line_1_15' title="bbox 210 1498 1338 1584; baseline 0.002 -20"><span class='ocrx_word' id='word_1_104' title='bbox 210 1501 324 1584; x_wconf 85' lang='lat' dir='ltr'>egisse,</span> <span class='ocrx_word' id='word_1_105' title='bbox 346 1498 404 1564; x_wconf 88' lang='lat' dir='ltr'>sed</span> <span class='ocrx_word' id='word_1_106' title='bbox 426 1501 487 1566; x_wconf 91' lang='lat' dir='ltr'>hoc</span> <span class='ocrx_word' id='word_1_107' title='bbox 509 1507 612 1566; x_wconf 91' lang='lat' dir='ltr'>totum</span> <span class='ocrx_word' id='word_1_108' title='bbox 635 1521 740 1584; x_wconf 81' lang='lat' dir='ltr'>genus</span> <span class='ocrx_word' id='word_1_109' title='bbox 763 1499 953 1566; x_wconf 90' lang='lat' dir='ltr'>criticarum</span> <span class='ocrx_word' id='word_1_110' title='bbox 975 1501 1207 1584; x_wconf 88' lang='lat' dir='ltr'>suspicionum,</span> <span class='ocrx_word' id='word_1_111' title='bbox 1239 1522 1281 1567; x_wconf 90' lang='lat' dir='ltr'>ne</span> <span class='ocrx_word' id='word_1_112' title='bbox 1303 1501 1338 1566; x_wconf 91' lang='lat' dir='ltr'>in</span> 
     </span>
     <span class='ocr_line' id='line_1_16' title="bbox 208 1585 1261 1670; baseline 0.004 -21"><span class='ocrx_word' id='word_1_113' title='bbox 208 1586 434 1670; x_wconf 87' lang='lat' dir='ltr'>imperitorum</span> <span class='ocrx_word' id='word_1_114' title='bbox 455 1608 572 1652; x_wconf 91' lang='lat' dir='ltr'>manus</span> <span class='ocrx_word' id='word_1_115' title='bbox 595 1586 731 1665; x_wconf 85' lang='lat' dir='ltr'>veniret,</span> <span class='ocrx_word' id='word_1_116' title='bbox 755 1586 937 1652; x_wconf 89' lang='lat' dir='ltr'>cavillando</span> <span class='ocrx_word' id='word_1_117' title='bbox 955 1585 1085 1652; x_wconf 89' lang='lat' dir='ltr'>eludere</span> <span class='ocrx_word' id='word_1_118' title='bbox 1109 1587 1261 1654; x_wconf 90' lang='lat' dir='ltr'>voluisse.</span> 
     </span>
    </p>

    <p class='ocr_par' dir='ltr' id='par_1_3' title="bbox 208 1671 1338 2181">
     <span class='ocr_line' id='line_1_17' title="bbox 295 1671 1338 1756; baseline 0 -20"><span class='ocrx_word' id='word_1_119' title='bbox 295 1673 368 1756; x_wconf 82' lang='lat' dir='ltr'>Ego</span> <span class='ocrx_word' id='word_1_120' title='bbox 390 1678 500 1736; x_wconf 83' lang='lat' dir='ltr'>autem</span> <span class='ocrx_word' id='word_1_121' title='bbox 519 1674 581 1739; x_wconf 89' lang='lat' dir='ltr'>hoc</span> <span class='ocrx_word' id='word_1_122' title='bbox 602 1673 681 1737; x_wconf 90' lang='lat' dir='ltr'>satis</span> <span class='ocrx_word' id='word_1_123' title='bbox 699 1672 837 1754; x_wconf 87' lang='lat' dir='ltr'>praemii</span> <span class='ocrx_word' id='word_1_124' title='bbox 857 1671 939 1738; x_wconf 89' lang='lat' dir='ltr'>duco</span> <span class='ocrx_word' id='word_1_125' title='bbox 956 1672 1076 1738; x_wconf 87' lang='lat' dir='ltr'>laboris</span> <span class='ocrx_word' id='word_1_126' title='bbox 1094 1673 1169 1752; x_wconf 89' lang='lat' dir='ltr'>mei,</span> <span class='ocrx_word' id='word_1_127' title='bbox 1188 1673 1217 1738; x_wconf 90' lang='lat' dir='ltr'>si</span> <span class='ocrx_word' id='word_1_128' title='bbox 1236 1672 1338 1738; x_wconf 86' lang='lat' dir='ltr'>etiam</span> 
     </span>
     <span class='ocr_line' id='line_1_18' title="bbox 208 1755 1338 1840; baseline 0.002 -19"><span class='ocrx_word' id='word_1_129' title='bbox 208 1757 264 1837; x_wconf 91' lang='lat' dir='ltr'>eis,</span> <span class='ocrx_word' id='word_1_130' title='bbox 283 1758 338 1840; x_wconf 93' lang='lat' dir='ltr'>qui</span> <span class='ocrx_word' id='word_1_131' title='bbox 359 1755 466 1822; x_wconf 88' lang='lat' dir='ltr'>adhuc</span> <span class='ocrx_word' id='word_1_132' title='bbox 489 1759 603 1822; x_wconf 88' lang='lat' dir='ltr'>Wolfii</span> <span class='ocrx_word' id='word_1_133' title='bbox 624 1756 740 1820; x_wconf 91' lang='lat' dir='ltr'>iudicio</span> <span class='ocrx_word' id='word_1_134' title='bbox 763 1757 917 1822; x_wconf 88' lang='lat' dir='ltr'>commoti</span> <span class='ocrx_word' id='word_1_135' title='bbox 956 1757 1145 1825; x_wconf 85' lang='lat' dir='ltr'>dubitarent</span> <span class='ocrx_word' id='word_1_136' title='bbox 1178 1758 1217 1825; x_wconf 89' lang='lat' dir='ltr'>de</span> <span class='ocrx_word' id='word_1_137' title='bbox 1240 1758 1338 1824; x_wconf 90' lang='lat' dir='ltr'>huius</span> 
     </span>
     <span class='ocr_line' id='line_1_19' title="bbox 208 1841 1338 1928; baseline 0.003 -21"><span class='ocrx_word' id='word_1_138' title='bbox 208 1844 364 1907; x_wconf 88' lang='lat' dir='ltr'>orationis</span> <span class='ocrx_word' id='word_1_139' title='bbox 393 1848 524 1907; x_wconf 88' lang='lat' dir='ltr'>auctore</span> <span class='ocrx_word' id='word_1_140' title='bbox 549 1841 654 1925; x_wconf 83' lang='lat' dir='ltr'>magis</span> <span class='ocrx_word' id='word_1_141' title='bbox 682 1843 853 1926; x_wconf 81' lang='lat' dir='ltr'>magisque</span> <span class='ocrx_word' id='word_1_142' title='bbox 882 1845 1082 1926; x_wconf 84' lang='lat' dir='ltr'>persuasisse</span> <span class='ocrx_word' id='word_1_143' title='bbox 1112 1844 1215 1924; x_wconf 88' lang='lat' dir='ltr'>dicar,</span> <span class='ocrx_word' id='word_1_144' title='bbox 1241 1844 1338 1928; x_wconf 85' lang='lat' dir='ltr'>longe</span> 
     </span>
     <span class='ocr_line' id='line_1_20' title="bbox 208 1925 1338 2010; baseline 0.004 -20"><span class='ocrx_word' id='word_1_145' title='bbox 208 1927 351 2010; x_wconf 87' lang='lat' dir='ltr'>plurima</span> <span class='ocrx_word' id='word_1_146' title='bbox 368 1927 507 1993; x_wconf 90' lang='lat' dir='ltr'>crimina</span> <span class='ocrx_word' id='word_1_147' title='bbox 530 1926 570 1992; x_wconf 89' lang='lat' dir='ltr'>ab</span> <span class='ocrx_word' id='word_1_148' title='bbox 601 1925 657 1992; x_wconf 93' lang='lat' dir='ltr'>illo</span> <span class='ocrx_word' id='word_1_149' title='bbox 687 1928 722 1991; x_wconf 90' lang='lat' dir='ltr'>in</span> <span class='ocrx_word' id='word_1_150' title='bbox 749 1928 835 1992; x_wconf 87' lang='lat' dir='ltr'>hanc</span> <span class='ocrx_word' id='word_1_151' title='bbox 865 1928 981 1994; x_wconf 85' lang='lat' dir='ltr'>collata</span> <span class='ocrx_word' id='word_1_152' title='bbox 1008 1951 1049 1995; x_wconf 83' lang='lat' dir='ltr'>ex</span> <span class='ocrx_word' id='word_1_153' title='bbox 1077 1929 1133 1995; x_wconf 93' lang='lat' dir='ltr'>illo</span> <span class='ocrx_word' id='word_1_154' title='bbox 1163 1929 1338 1998; x_wconf 85' lang='lat' dir='ltr'>cavillandi</span> 
     </span>
     <span class='ocr_line' id='line_1_21' title="bbox 208 2012 1337 2101; baseline 0.002 -22"><span class='ocrx_word' id='word_1_155' title='bbox 208 2012 342 2079; x_wconf 88' lang='lat' dir='ltr'>consilio</span> <span class='ocrx_word' id='word_1_156' title='bbox 362 2013 505 2096; x_wconf 81' lang='lat' dir='ltr'>proiecta</span> <span class='ocrx_word' id='word_1_157' title='bbox 527 2034 607 2093; x_wconf 85' lang='lat' dir='ltr'>esec,</span> <span class='ocrx_word' id='word_1_158' title='bbox 630 2014 873 2098; x_wconf 85' lang='lat' dir='ltr'>orationemque</span> <span class='ocrx_word' id='word_1_159' title='bbox 888 2015 991 2099; x_wconf 87' lang='lat' dir='ltr'>ipsam</span> <span class='ocrx_word' id='word_1_160' title='bbox 1012 2015 1239 2101; x_wconf 83' lang='lat' dir='ltr'>dignissimam</span> <span class='ocrx_word' id='word_1_161' title='bbox 1257 2037 1337 2096; x_wconf 87' lang='lat' dir='ltr'>esse,</span> 
     </span>
     <span class='ocr_line' id='line_1_22' title="bbox 208 2098 659 2181; baseline 0.004 -17"><span class='ocrx_word' id='word_1_162' title='bbox 208 2120 290 2181; x_wconf 83' lang='lat' dir='ltr'>quae</span> <span class='ocrx_word' id='word_1_163' title='bbox 313 2098 463 2165; x_wconf 80' lang='lat' dir='ltr'>Ciceroni</span> <span class='ocrx_word' id='word_1_164' title='bbox 487 2098 659 2166; x_wconf 87' lang='lat' dir='ltr'>tribuatur.</span> 
     </span>
    </p>
   </div>
   <div class='ocr_carea' id='block_1_3' title="bbox 0 0 1486 4836">
    <p class='ocr_par' dir='ltr' id='par_1_4' title="bbox 0 0 1486 4836">
     <span class='ocr_line' id='line_1_23' title="bbox 0 0 1486 4836; baseline 0 0"><span class='ocrx_word' id='word_1_165' title='bbox 0 0 1486 4836; x_wconf 95' lang='lat' dir='ltr'> </span> 
     </span>
    </p>
   </div>
  </div>
 </body>
</html>
