2962 4836
666 234 674 248 ὁ

269 269 523 298 ...σπήεσσι
568 246 698 288 ¹··¹.

218 343 227 357 ο
373 322 449 359 “”.
489 333 520 346 ”“
567 335 575 347 ’
610 309 762 375 ‘⁸¹⁴5ss

211 351 364 392 ‚⁸0¹o,
429 372 433 380 ,
489 359 597 379 οίιον

128 486 238 547 autem
265 500 387 548 nomen
402 481 532 550 silentio
552 484 731 568 praeterire
760 506 827 551 non
849 504 982 570 possum
1004 484 1043 552 F.
1067 487 1107 552 Α.
1129 482 1255 564 Wolfii,

129 569 248 652 quippe
270 568 305 634 in
327 588 392 653 qno
413 590 482 636 non
504 569 600 637 modo
622 579 788 657 appareat,
818 580 979 654 quantum
1006 572 1111 656 possit
1137 575 1171 636 in
1195 570 1256 637 hoc

126 674 246 738 genere
269 663 303 720 et
323 656 449 740 ingenii
472 658 556 724 acies
579 669 612 724 et
633 656 847 742 percensendi
876 657 1106 742 iudicandique
1127 658 1255 723 subtili·

126 750 186 820 tas,
210 740 378 808 sedetiam
400 744 434 807 in
447 752 567 826 quanto
588 745 733 829 periculo
755 752 940 822 versentur,
953 745 1009 828 qui
1030 745 1065 810 in
1086 742 1255 809 eiusmodi

126 827 225 892 rebus
245 848 378 910 operam
411 843 543 913 ponant,
575 852 616 896 ne
649 832 684 896 in
717 831 940 915 periclitandis
973 831 1097 915 ingenii
1130 830 1256 897 viribus

126 913 260 979 modum
282 914 450 994 excedant,
473 924 507 980 et
529 915 604 1000 plus
625 917 711 982 insto
734 939 813 983 snae
836 917 1005 982 doctrinae
1033 924 1091 982 aut
1119 916 1255 982 arbitrio

51 1060 54 1066 .
126 1000 308 1065 tribuentes
329 1001 365 1064 in
386 1003 599 1085 gravissimos
621 1025 749 1070 errores
777 1002 936 1082 incidant,
965 1004 1011 1068 ita
1037 1012 1076 1067 ut
1103 1011 1257 1085 corrupta

126 1106 230 1168 aeque
251 1096 348 1168 atque
370 1088 501 1171 integra
524 1098 559 1152 ut
588 1089 701 1173 inepta
729 1089 956 1155 condemnent.
990 1125 1028 1136 -
1058 1087 1256 1153 Innumeros

125 1193 253 1236 errores
275 1172 393 1256 quibus
422 1174 593 1238 etiamtum
623 1174 774 1240 homines
807 1175 895 1242 docti
928 1175 1015 1259 capti
1048 1174 1256 1253 tenebantur,

125 1257 277 1337 Wolfins,
310 1268 348 1323 ut
376 1269 447 1324 erat
476 1260 640 1343 singulari
679 1262 807 1345 ingenii
839 1262 989 1327 acumine
1022 1262 1190 1344 praeditus
1223 1268 1257 1324 et

125 1343 247 1408 eximia
263 1344 396 1428 linguae
419 1345 567 1412 Graecae
589 1355 623 1411 et
645 1347 786 1412 Latinae
808 1348 946 1413 scientia
974 1348 1166 1423 instructus,
1188 1346 1256 1428 pri-

125 1452 198 1497 mus
221 1431 351 1513 aperuit
372 1440 405 1496 et
427 1432 569 1512 sustulit,
581 1432 767 1499 innumeris
785 1433 863 1499 locis
883 1441 1032 1500 veterum
1050 1433 1255 1516 scriptorum,

125 1519 180 1600 qui
202 1515 399 1582 obscuritate
421 1517 530 1602 aliqua
551 1521 793 1602 premebantur,
811 1518 923 1584 lumen
946 1520 1068 1596 attutit,
1092 1519 1256 1584 atmerito

127 1603 158 1668 ei
180 1603 332 1686 princeps
354 1604 444 1669 locus
466 1605 553 1670 inter
574 1605 703 1670 criticos
725 1604 828 1670 tribui
856 1605 1018 1673 videatur.
1062 1606 1178 1688 Neque
1205 1616 1256 1668 ta·

126 1710 203 1753 men
225 1690 336 1753 minus
358 1689 504 1755 eiusdem
535 1691 628 1756 docet
657 1691 853 1775 exemplum,
881 1712 981 1774 quam
1010 1691 1105 1758 facile
1131 1691 1171 1770 ei,
1200 1690 1256 1773 qui

127 1795 224 1839 suum
247 1796 382 1841 sensum
404 1775 508 1841 solum
532 1776 648 1842 ducem
679 1778 782 1842 secuti
807 1777 842 1841 id
872 1780 977 1861 magis
1007 1785 1116 1862 agant,
1148 1784 1184 1841 ut
1205 1777 1255 1841 in·

126 1860 271 1938 veniant,
295 1861 470 1945 inquibus
499 1863 699 1947 castigandis
728 1864 852 1947 ingenii
881 1867 934 1930 sui
962 1866 1064 1930 aciem
1092 1870 1256 1928 ostentent

127 1958 159 2012 et
180 1946 359 2031 venditent,
382 1969 480 2031 quam
503 1958 541 2014 ut
561 1970 609 2026 ea,
632 1971 715 2032 quae
738 1949 860 2014 tradita
881 1950 956 2029 sint,
980 1958 1070 2015 reete
1096 1950 1255 2032 interpre-

126 2041 248 2112 tentur,
272 2054 369 2116 qnam
392 2035 494 2113 facile,
518 2036 662 2119 inquam,
685 2037 716 2099 ei
738 2035 1000 2119 reprehendendi
1012 2035 1154 2118 quadam
1166 2036 1257 2118 cupi·

126 2118 228 2183 ditate
250 2120 377 2203 abrepti
400 2141 437 2185 eo
458 2119 673 2200 adducantur,
696 2129 733 2186 ut
765 2144 831 2186 non
864 2120 959 2186 modo
988 2120 1135 2203 singulos
1169 2121 1257 2185 locos

126 2207 196 2270 eius
216 2205 300 2284 libri,
328 2206 370 2270 ad
400 2228 496 2290 quem
529 2208 790 2291 percensendum
823 2208 1026 2283 accesserint,
1061 2205 1117 2270 sed
1150 2213 1256 2269 totum

125 2290 247 2356 librum
270 2293 310 2357 ab
333 2312 371 2356 eo
393 2294 560 2374 scriptore,
590 2296 682 2360 ouius
707 2295 808 2378 vulgo
837 2315 915 2378 prae
945 2314 980 2358 se
1013 2294 1096 2358 ferat
1127 2311 1256 2367 nomen,

126 2376 312 2443 abiudicent
334 2400 435 2462 eoque
457 2378 630 2465 indignum
652 2402 724 2446 esse
745 2381 948 2446 confirment.
983 2377 1079 2460 Quod
1102 2375 1257 2444 accidisse

127 2464 198 2528 viro
221 2463 313 2528 docto
337 2466 517 2546 putandum
540 2475 590 2532 est
611 2467 646 2532 in
669 2466 894 2551 percensenda
905 2465 1076 2532 Ciceronis
1099 2465 1256 2541 oratione,

126 2570 212 2632 qnae
234 2550 425 2616 inscribitur
446 2573 505 2635 pro
527 2553 575 2619 M.
598 2553 765 2619 Marcello.
809 2552 907 2618 Hanc
924 2551 1167 2618 oratiunculam
1189 2551 1258 2613 fere

127 2656 250 2713 omnes,
273 2646 433 2719 quotquot
454 2640 488 2701 in
512 2637 680 2704 Ciceronis
702 2639 834 2721 scriptis
857 2638 1006 2720 legendis
1029 2646 1062 2702 et
1090 2635 1257 2719 explican-

127 2720 178 2787 dis
201 2723 323 2787 versati
345 2732 448 2802 erant,
473 2726 611 2791 summis
632 2726 784 2791 certatim
801 2724 954 2790 laudibus
976 2744 1105 2806 semper
1130 2721 1256 2786 extule-

126 2815 203 2872 rant
224 2817 257 2871 et
279 2817 317 2872 ut
338 2809 640 2892 splendidissimum
662 2811 833 2875 Tullianae
856 2810 1062 2894 eloquentiae
1088 2805 1256 2887 exemplar

126 2894 316 2977 praedicare
337 2910 591 2976 consueverant3
616 2906 649 2963 et
670 2917 867 2978 quamquam
897 2896 1102 2971 exstiterant,
1125 2893 1183 2974 qui
1204 2892 1256 2954 in·

127 2979 293 3045 tellexisse
315 2982 376 3046 sibi
394 2980 595 3062 viderentur,
618 2982 700 3048 haee
722 2981 774 3047 vel
797 2981 854 3044 illa
875 3001 941 3045 non
972 3001 1020 3057 ea,
1046 2998 1112 3061 qua
1140 2978 1256 3043 Oieero

126 3066 243 3130 florere
282 3067 410 3147 soleret,
449 3069 669 3134 concinnitate
703 3077 736 3132 et
768 3066 931 3150 elegantia
954 3065 1122 3144 excellere,
1146 3074 1257 3128 tamen

127 3172 233 3228 nemo,
257 3162 413 3234 quantum
438 3156 588 3236 equidem
618 3156 694 3232 scio,
724 3162 799 3219 ante
827 3152 988 3218 Wolfium
1014 3151 1171 3219 inventus
1198 3157 1256 3226 est,

127 3238 183 3319 qui
204 3237 366 3304 eiusmodi
388 3241 485 3305 rebus
509 3240 669 3306 adductus
691 3250 794 3305 totam
813 3239 993 3306 orationem
1019 3238 1140 3303 summi
1168 3236 1257 3302 illius

127 3324 266 3390 oratoris
289 3345 360 3390 esse
383 3347 503 3409 negare
526 3347 661 3409 eamque
679 3328 777 3392 alicui
798 3326 999 3408 insequentis
1011 3325 1128 3389 aetatis
1151 3322 1257 3389 decla·

128 3410 246 3474 matori
279 3410 423 3477 tribuere
457 3409 600 3477 auderet.
652 3413 760 3475 Immo
793 3410 1043 3477 admirabantur
1075 3411 1139 3474 riri
1171 3407 1257 3474 docti
1353 3489 1358 3498 .

129 3495 200 3560 eins
241 3496 444 3580 singularem
484 3495 771 3581 pulchritudinem,
811 3496 1083 3579 acquiescendum
1121 3496 1185 3561 rati
1221 3494 1256 3556 in

128 3591 279 3647 veterum
300 3583 589 3665 grammaticorum
611 3585 784 3657 sententia,
807 3584 871 3665 qui,
896 3584 952 3647 ubi
979 3583 1079 3648 huius
1101 3577 1254 3647 orationis

128 3668 328 3732 mentionem
350 3668 485 3748 faciunt,
509 3669 619 3733 addito
631 3669 799 3734 Ciceronis
822 3670 1254 3745 nominetestantnr,neqne

128 3774 163 3818 se
185 3775 291 3835 neque
313 3753 394 3820 alios
416 3775 561 3837 unquam
591 3755 630 3819 de
656 3755 717 3820 hoo
751 3765 882 3822 auctore
913 3753 1087 3821 dubitasse.
1136 3750 1254 3831 Itaque

128 3837 162 3903 id
179 3841 285 3922 magis
307 3849 446 3923 egerunt
467 3863 569 3923 usque
592 3842 633 3905 ad
661 3842 759 3908 huius
793 3841 915 3908 saeculi
946 3842 1086 3917 initium,
1120 3846 1157 3899 ut
1189 3835 1255 3899 dis-

129 3934 277 3990 sererent
299 3925 338 3990 de
359 3928 520 3991 sermonis
542 3926 715 4012 splendore
736 3935 770 3992 et
794 3949 876 4009 qnae
904 3928 1014 3992 minas
1042 3926 1076 3988 in
1103 3930 1256 4006 promptu

129 4019 239 4076 essent
261 4011 392 4076 divinae
415 4013 495 4079 artis
514 4026 620 4091 notae,
642 4035 698 4078 eas
721 4013 913 4095 explicando
924 4011 1088 4094 aperirent
1110 4019 1255 4095 apertas·

129 4117 191 4179 qne
214 4098 315 4162 oculis
337 4099 446 4164 minus
468 4100 573 4164 acutis
603 4109 830 4184 proponerent,
860 4119 958 4182 qnam
988 4104 1025 4160 ut
1052 4102 1255 4179 quaererent,

129 4204 208 4246 num
232 4192 319 4248 recte
337 4186 438 4250 oratio
462 4186 502 4250 ab
530 4184 585 4250 illo
614 4186 838 4250 Romanorum
873 4182 1000 4248 dicendi
1027 4183 1152 4248 artifice
1181 4201 1256 4264 pro·

129 4267 215 4335 fecta
236 4276 416 4354 putaretur.
462 4271 548 4337 Tum
571 4271 677 4340 subito
700 4271 739 4338 F.
758 4274 798 4337 A.
812 4269 955 4336 Wolfins
973 4268 1101 4336 exstitit
1122 4278 1156 4336 et
1167 4265 1257 4334 omni
