2962 4836
702 310 745 325 ..
767 262 868 342 51'...

222 447 344 513 invitos
365 468 425 514 nos
447 447 544 531 cogit,
568 454 607 512 ut
628 448 731 514 rerba
751 449 809 514 illa
831 448 941 515 omnia
963 471 1001 516 eo
1021 450 1213 529 referamne,
1236 469 1299 532 quo
1321 454 1353 513 et

223 533 284 599 loci
316 535 478 599 sententia
511 540 544 598 et
575 554 654 599 usus
686 533 854 601 Ciceronis
886 557 925 601 ea
957 537 1073 601 referri
1106 537 1204 602 iubet.
1239 569 1281 580 -
1311 534 1353 599 In

223 618 336 684 eadem
356 623 379 705 ξ.
396 619 449 684 vir
467 618 579 684 doctus
598 641 640 693 ex
662 642 721 685 sua
742 640 834 686 more
856 621 978 704 recepit
1002 629 1231 702 „monumenta
1252 620 1352 684 innu-

222 711 343 784 mera“,
366 726 562 788 quamquam
585 704 711 772 codices
735 706 776 783 G,
800 706 838 783 n,
861 706 907 772 M.
931 709 1089 789 praebent
1113 711 1352 787 „monumenta

222 797 397 870 munera“;
433 812 497 874 qua
529 791 667 858 lectione
703 792 856 857 restituta
892 813 958 858 non
988 794 1053 859 iam
1084 793 1220 860 offendit
1247 791 1352 857 adiec-

222 877 329 940 tivum
366 877 576 954 „innumera“
609 877 737 943 tantillo
770 878 944 944 intervallo
982 886 1057 963 post
1095 877 1351 945 innumerabiles

222 962 373 1045 positum,
396 962 652 1046 necquidquam
675 965 748 1043 erit,
777 965 811 1028 in
834 986 896 1048 quo
918 965 1047 1031 minuta
1068 966 1131 1032 viri
1161 965 1245 1032 docti
1275 964 1350 1030 sub·

223 1046 326 1113 tilitas
348 1048 484 1115 haerere
506 1050 617 1132 possit.

308 1134 349 1198 In
371 1137 394 1219 §.
420 1138 461 1199 30
484 1157 532 1214 ea,
555 1156 636 1218 quae
658 1141 734 1218 apte
763 1144 1045 1220 congruenterque
1068 1137 1254 1203 dictasunt
1282 1138 1350 1202 sin-

169 1237 172 1242 ·
222 1218 393 1304 gularique
416 1221 636 1288 concinnitate
658 1220 825 1287 excellunt
846 1222 1030 1288 claudicare
1052 1223 1194 1288 Wolfius
1218 1221 1295 1287 dicit
1318 1228 1351 1286 et

222 1306 390 1389 egregiam
420 1308 455 1371 in
484 1308 592 1373 verbis
621 1306 789 1373 variandis
817 1308 960 1390 copiam,
990 1330 1055 1391 qua
1083 1309 1180 1373 etiam
1211 1307 1284 1372 aliis
1313 1309 1347 1371 in

221 1391 422 1458 orationibus
456 1392 572 1458 Oicero
601 1395 711 1472 floret,
741 1392 875 1458 nimiam
911 1400 945 1459 et
977 1393 1148 1459 molestam
1179 1399 1351 1475 nuncupat

221 1486 417 1557 soromatas.
447 1478 673 1562 Reprehendit
695 1479 783 1544 enim
806 1479 992 1546 antitheton
1015 1479 1140 1546 duobus
1162 1478 1350 1545 nominibus

220 1562 386 1627 redditum
417 1564 580 1642 „consiliis
610 1571 644 1630 et
671 1563 807 1630 studiis“
834 1572 930 1648 atque
958 1567 1058 1632 verba
1083 1564 1291 1643 „uoluntates
1317 1572 1350 1630 et

220 1648 357 1730 studia“,
383 1652 584 1727 „sententiae
602 1658 634 1716 et
652 1649 807 1717 consilia“
827 1651 942 1716 eodem
961 1653 1028 1717 fere
1047 1672 1145 1716 sensu
1165 1650 1348 1717 cumulatas

220 1755 290 1800 esse
313 1734 400 1802 dicit.
430 1737 556 1803 Locum
579 1735 801 1816 defenderem,
824 1737 887 1801 nisi
910 1737 1097 1803 Tullianam
1120 1736 1248 1803 dicendi
1270 1756 1346 1802 oon-

219 1819 431 1886 suetudinem
453 1831 521 1885 tam
545 1829 657 1905 aperte
680 1842 759 1904 prae
782 1823 947 1904 ecferret,
970 1829 1009 1887 ut
1031 1823 1112 1889 satis
1133 1844 1192 1906 pro
1215 1844 1249 1888 se
1276 1823 1346 1906 ipso

219 1905 308 1988 loqui
331 1904 505 1972 videretur.

305 1990 345 2056 In
368 1993 392 2075 l.
417 1997 453 2056 31
480 1992 644 2059 Patricius
661 1992 788 2076 primus
805 1994 841 2058 in
859 1994 912 2060 his
934 1993 1043 2061 verbis
1061 1994 1206 2060 offendit.
1239 1992 1349 2071 „Vicit

218 2078 256 2157 is,
279 2077 334 2160 qui
368 2099 434 2143 non
466 2079 598 2143 fortuna
630 2079 852 2145 inflammaret
881 2078 992 2146 odium
1015 2087 1150 2161 suum“;
1181 2101 1257 2145 nem
1280 2100 1345 2144 non

217 2163 298 2229 satis
336 2171 411 2248 apte
452 2165 654 2243 „fortunam“
695 2166 835 2230 bonitati
877 2167 995 2249 opponi
1031 2172 1151 2232 censet.
1230 2164 1343 2231 Unum

218 2249 378 2314 Wolfium
410 2271 488 2316 suae
520 2250 703 2316 sententiae
732 2252 861 2318 invenit
890 2253 1031 2331 socium,
1062 2254 1117 2336 qui
1147 2273 1210 2317 non
1239 2251 1343 2315 solum

218 2335 288 2414 hoc,
318 2336 374 2401 sed
398 2337 497 2401 ctiam
519 2336 563 2415 id,
594 2336 678 2419 quod
707 2339 856 2420 sequitur
888 2337 1051 2418 „bonitate
1079 2337 1184 2403 lenire
1213 2334 1342 2401 odium“

217 2421 429 2505 reprehendit
458 2430 491 2487 et
517 2421 696 2487 absurdum
723 2422 854 2489 iudicat.
917 2424 1108 2489 Meminisse
1145 2421 1258 2486 debuit
1294 2421 1346 2486 vir

219 2506 331 2573 doctus
354 2528 476 2588 eorum,
499 2530 582 2592 quae
604 2515 715 2573 orator
736 2511 760 2593 §.
784 2514 802 2573 9
827 2516 861 2574 et
883 2509 909 2592 ᾗ.
945 2512 982 2573 12
1006 2509 1046 2574 de
1076 2510 1230 2574 victoriae
1256 2507 1344 2573 inso-

218 2592 319 2657 lentia
346 2601 548 2678 exposuerat.
607 2593 704 2676 Quod
732 2596 760 2659 si
788 2597 944 2676 fecisset,'
962 2616 1021 2659 suo
1050 2596 1119 2660 loco
1147 2592 1343 2660 vocabulum
1406 2675 1408 2679 .

221 2678 409 2755 „fortunae“
445 2703 517 2747 esse
550 2680 769 2746 intellexisset
801 2703 862 2747 nec
901 2683 1047 2765 ineptam
1084 2680 1174 2744 illam
1207 2678 1343 2744 Patricii

219 2762 459 2830 adnotationem
501 2774 633 2833 secutus
673 2774 769 2831 esset.
831 2768 924 2832 Haeo
965 2767 1053 2831 enim
1095 2764 1178 2829 dixit
1216 2771 1342 2829 orator:

221 2849 329 2929 „Vicit
352 2851 389 2931 is,
413 2853 467 2935 qui
489 2874 552 2917 non
571 2853 725 2917 victoriae
743 2853 875 2917 fortuna
894 2852 933 2918 ad
955 2851 1141 2935 superbiam
1160 2851 1342 2928 efferretur,

219 2941 277 2999 aut
298 2937 339 3000 ad
361 2937 561 3003 ferocitatem
586 2937 812 3018 adduceretur,
843 2939 899 3003 sed
931 2940 987 3021 qui
1016 2959 1074 3021 pro
1104 2958 1163 3003 sua
1190 2957 1341 3001 mansne-

217 3019 333 3086 tudine
362 3030 394 3085 et
421 3023 595 3087 clementia
624 3022 827 3089 iracundiam
862 3032 1032 3090 coerceret.
1085 3022 1342 3107 Elegantissime

217 3112 267 3171 est
288 3108 391 3190 igitur
412 3108 448 3174 in
470 3109 525 3188 eis,
549 3129 631 3192 quae
653 3107 778 3174 codices
801 3109 991 3175 Ciceronem
1016 3109 1139 3176 dixisse
1167 3115 1341 3186 testantur,

216 3194 388 3259 sententia.
413 3228 454 3242 -—

300 3279 389 3361 Quid
405 3287 514 3345 antem
524 3279 657 3346 absurdi
671 3280 715 3344 sit
727 3281 761 3344 in
770 3281 911 3345 formula
922 3281 1085 3360 „bonitate
1096 3277 1335 3345 lenireodium“

215 3363 402 3452 nons‘video.
434 3367 606 3446 „Bonitas“
633 3367 719 3431 enim
745 3375 795 3432 est
821 3367 1013 3446 „clementia
1035 3389 1054 3430 a
1078 3374 1197 3431 natura
1219 3364 1336 3429 insita“

215 3450 268 3527 (cf.
293 3473 322 3535 p.
346 3452 419 3536 Lig.
440 3455 462 3535 q.
488 3455 553 3534 38),
577 3473 641 3536 qna
663 3459 751 3516 recte
769 3454 841 3535 quis
860 3452 975 3518 ductus
999 3451 1062 3516 dici
1080 3457 1187 3536 potest
1208 3451 1338 3515 iraevel

213 3533 276 3600 odii
299 3537 455 3620 impetum
479 3538 605 3603 mollire
629 3544 687 3602 aut
716 3539 796 3603 alias
824 3539 923 3602 animi
953 3538 1079 3620 cupidit
1107 3535 1338 3602 atescohibcre.

298 3623 367 3688 Neo
396 3625 430 3686 in
461 3643 507 3700 oo,
542 3624 626 3706 quod
660 3624 869 3706 subsequitur
902 3624 1073 3688 enuntiato
1106 3622 1222 3686 Wolfii
1254 3623 1339 3686 ratio

212 3707 292 3771 mihi
316 3707 481 3791 probatur.
524 3710 609 3773 Nam
640 3728 834 3792 quamquam
870 3711 1043 3775 confitetur
1070 3729 1185 3773 verum
1216 3706 1339 3772 vidisse

210 3793 392 3859 Patricium
433 3802 466 3857 et
504 3795 686 3860 Gruterum
724 3801 905 3860 statuentes
943 3794 1215 3878 praepositionem
1259 3792 1334 3871 „ab“

211 3877 407 3966 alterosslooo
436 3881 574 3962 positam
597 3878 767 3944 delendam
797 3901 876 3959 esse,
904 3889 1016 3944 tamen
1040 3879 1176 3945 Graevii
1207 3886 1336 3944 senten-

210 3964 289 4029 tiam
325 3971 454 4030 secutus
487 3966 573 4031 hanc
606 3966 798 4048 particulam
839 3966 951 4031 invitis
984 3964 1148 4031 codicibus
1188 3966 1337 4030 omittere

210 4070 275 4114 non
299 4050 406 4129 audet,
431 4050 554 4116 seilicet
583 4059 621 4116 ut
647 4052 708 4116 hoo
738 4072 863 4135 quoque
892 4051 962 4116 loco
992 4051 1119 4125 habeat,
1149 4049 1233 4133 quod
1264 4071 1336 4132 per·

211 4134 357 4219 stringat.
401 4136 542 4201 Dubitat
564 4137 661 4217 enim,
685 4159 764 4201 num
783 4138 940 4203 Latinum
964 4137 1008 4200 sit
1031 4156 1143 4214 „arma
1165 4135 1205 4199 ab
1228 4133 1336 4215 aliquo

210 4218 355 4300 eripere“
378 4244 482 4307 neque
494 4223 669 4306 quidquam
687 4223 815 4305 probari
833 4229 929 4306 putat
951 4222 1110 4304 exemplis
1124 4222 1164 4286 ab
1183 4218 1336 4285 Ernestio

1095 4320 1130 4374 40
