2962 4836
611 257 775 335 „pp-

128 428 238 497 allatis
271 428 322 495 In.
356 428 452 495 Verr.
486 427 550 493 111.
584 430 625 491 ts
658 431 692 492 et
724 427 775 492 In.
810 427 885 493 Vat.
919 448 987 493 ca.
1022 430 1071 492 12.
1126 424 1259 509 „Neque

127 514 237 594 euim,
268 515 391 599 inquit,
421 515 449 581 si
478 513 619 579 Romani
653 513 810 579 dixerunt
847 514 904 593 „ab
937 448 1045 596 aliquo
1073 510 1258 598 pecuniam,

128 601 332 669 frumentum
367 600 510 685 eripere“
551 599 707 667 continuo
739 600 900 682 sequitur,
936 596 1134 666 latinitatem
1173 597 1259 663 ferre

131 705 241 766 „arma
263 685 432 769 abaliquo
455 690 583 768 erepta“
610 685 690 750 item
713 685 794 751 alias
816 705 870 751 res
893 684 1067 769 praecipue
1088 705 1153 763 eas,
1177 704 1258 766 quas

128 772 200 855 quis
222 771 257 837 in
280 793 339 839 suo
369 792 503 855 corpore
533 775 652 837 teuet“.
705 769 759 836 Ad
788 791 870 854 quae
891 769 1063 837 Weiskius
1088 777 1176 837 reete
1205 790 1256 835 re·

128 856 268 941 spondet
301 857 398 924 haee:
441 856 553 941 ,Quin
585 857 686 922 immo
715 855 829 923 durius
859 862 918 934 est,
947 857 1010 922 hoe
1039 854 1188 923 adhiberi
1218 853 1257 921 de

131 943 229 1008 rebus
250 943 384 1011 homine
406 943 531 1010 dissitis
554 950 651 1027 atque
672 944 718 1008 ita
740 943 943 1026 comparatis,
974 951 1012 1008 ut
1033 965 1089 1009 eas
1116 940 1258 1009 brachiis

129 1029 300 1112 complecti
323 1036 380 1095 aut
402 1031 553 1096 manibus
574 1029 756 1113 prehensas
787 1036 898 1094 tenere
928 1050 994 1094 non
1016 1030 1135 1112 possit3
1164 1027 1257 1097 cuius

128 1116 260 1200 generis
283 1122 363 1181 sunt
384 1117 548 1194 civitates,
566 1136 602 1183 re
628 1116 724 1193 ones,
749 1136 803 1182 mc
829 1136 870 1180 na
891 1114 944 1181 vis
965 1114 1153 1180 frumenti“.

214 1201 321 1286 Igitur
352 1200 415 1268 hoc
470 1222 576 1284 uoque
624 1220 681 1266 ceo
716 1136 860 1266 Wolfigus
899 1201 1085 1284 praecipere
1126 1198 1258 1267 videtur

129 1288 301 1365 Romanis,
332 1224 492 1372 quomado
520 1285 721 1370 loquendum
750 1287 803 1355 sit.
853 1286 922 1353 Nos
952 1307 993 1352 ex
1021 1286 1077 1364 eis,
1106 1307 1188 1370 quae
1215 1282 1257 1349 ad

128 1384 242 1441 nostra
274 1380 421 1459 tempora
454 1379 635 1452 venerunt,
673 1372 804 1457 scriptis
840 1373 1037 1439 constituere
1076 1371 1256 1451 studemus,

130 1460 186 1543 qui
214 1457 314 1524 fuerit
336 1479 449 1524 eorum
471 1456 601 1526 dicendi
632 1480 719 1524 usus.
772 1458 943 1541 ,Eripitur
973 1456 1099 1541 aliquid
1126 1456 1168 1527 ab
1194 1455 1255 1523 ali·

129 1547 214 1628 quo“
237 1566 279 1611 ex
301 1543 523 1611 Romanorum
546 1566 617 1623 usu,
643 1543 671 1610 si
699 1544 803 1610 invito
832 1543 936 1609 altero
967 1543 1018 1610 vel
1046 1544 1081 1627 vi
1109 1541 1256 1609 adhibita

130 1628 323 1708 detrahitur,
354 1629 439 1713 quod
466 1636 562 1695 antea
591 1649 666 1695 cum
694 1651 731 1695 eo
760 1629 968 1696 coniunctum
993 1630 1109 1697 iuerat.
1158 1626 1256 1710 Quod

129 1738 172 1782 ex
194 1715 246 1781 his
277 1717 453 1800 excomplis
482 1715 591 1800 colligi
607 1720 730 1799 ‘potest
783 1714 850 1781 Oic.
880 1715 957 1791 Div.
988 1715 1032 1783 11.
1068 1720 1114 1780 10.
1167 1713 1255 1794 ,Ho-

130 1822 242 1871 merus
264 1799 380 1868 Iovem
405 1802 532 1869 inducit
553 1807 755 1884 querentem,
786 1800 873 1885 quod
897 1799 1122 1884 Sarpedonem
1150 1798 1256 1869 filium

131 1894 278 1953 amorte
301 1889 427 1973 eripere
456 1910 522 1965 non
556 1893 695 1972 posset“.
728 1923 768 1933 -
797 1887 929 1952 Terent.
961 1885 1113 1953 Eunueh.
1137 1884 1198 1950 IV.
1228 1887 1256 1948 6.

133 1978 182 2039 14.
242 1973 351 2053 ,Haec
377 1982 437 2051 est,
471 1993 568 2058 quam
601 1972 696 2037 miles
728 1994 747 2037 a
780 1994 834 2038 me
867 1979 1016 2058 ereptum
1049 1971 1173 2038 venit“.
1214 2007 1255 2016 —

132 2059 225 2127 ans.
253 2057 354 2138 „duae
375 2060 406 2124 le
432 2060 522 2124 ‘ones
544 2079 564 2124 a
587 2057 727 2125 Caesare
750 2063 913 2141 creptae“.
966 2056 1033 2125 Sed
1056 2056 1134 2141 quid
1163 2055 1258 2139 plura

132 2144 172 2210 ad
191 2143 227 2211 id
241 2143 402 2211 defenden
426 2166 491 2224 um,
506 2144 594 2228 quod
605 2143 853 2210 usitatissimum
866 2144 1026 2209 Romanis
1043 2143 1145 2210 icisse
1163 2162 1260 2208 nemo

131 2231 245 2297 nescit.
827 2253 835 2267 ·

218 2315 271 2382 Ad
293 2319 318 2401 ξ.
338 2320 377 2381 32
396 2316 540 2385 Wolfius
562 2315 643 2385 haec
661 2314 810 2381 adnotat:
854 2314 1127 2394 „Ciceronianam
1144 2314 1259 2381 fuisset

135 2421 218 2479 „non
241 2402 337 2471 modo
353 2404 562 2489 sapientiae“.
593 2401 679 2466 Nam
697 2407 730 2467 et
747 2400 810 2467 hae
827 2400 1007 2485 particulae
1028 2423 1114 2479 „non
1132 2400 1255 2469 solum“

132 2492 166 2553 et
190 2508 275 2565 „non
298 2486 412 2555 modo“
437 2488 558 2573 aliquid
582 2486 780 2553 discriminis
802 2486 934 2566 habent,
957 2487 1044 2573 quod
1073 2487 1108 2551 in
1139 2486 1258 2553 scholis

132 2571 362 2655 explicandum
380 2581 439 2654 est,
463 2580 528 2654 aut,
550 2575 578 2639 si
597 2572 704 2638 adhuc
721 2573 870 2657 ignotum
893 2580 951 2652 est,
975 2574 1083 2639 minus
1102 2579 1259 2656 occupato

131 2659 232 2724 loco‘t
288 2660 419 2727 Vellem
441 2659 658 2742 praestitisset
680 2658 731 2724 vir
752 2657 873 2737 doctus,
898 2679 980 2741 quae
1002 2660 1196 2742 promiserat
1225 2658 1260 2721 in

132 2744 267 2829 praefat.
302 2766 332 2827 p.
356 2748 405 2810 38.
450 2744 505 2812 Ibi
533 2744 620 2810 enim
650 2743 792 2823 dixerat,
828 2766 862 2809 se
895 2744 1039 2811 scholam
1068 2743 1260 2813 Latinitatis

132 2836 324 2914 aperturum
335 2852 406 2897 esse
418 2830 508 2897 haud
519 2830 674 2897 inutilem
685 2830 741 2909 eis,
761 2829 916 2913 quireete
937 2830 1103 2895 etLatine
1120 2827 1260 2897 scribere

134 2925 191 2981 aut
218 2916 314 3000 quale
345 2918 406 2983 hoc
439 2924 540 2995 esset,
571 2915 694 2985 discere
722 2924 888 2999 cuperent.
959 2915 1144 2983 Admodum
1182 2936 1260 2981 sane

134 3000 312 3071 dolendum
339 3010 405 3080 est,
435 3000 522 3086 quod
572 3002 725 3087 repositi
743 3023 877 3084 prorsus
910 3002 1082 3069 immemor
1115 2999 1262 3069 discendi

134 3086 269 3171 cupidos
292 3088 376 3155 celat
404 3087 447 3168 id
480 3025 572 3172 quod
588 3087 627 3154 de
656 3089 776 3153 harum
805 3087 1040 3172 particularum
1070 3087 1261 3161 discrimine

134 3174 331 3241 observavit.
377 3173 476 3239 Certe
498 3173 678 3240 maximam
698 3173 837 3258 gratiam
857 3174 886 3239 ei
905 3173 1070 3252 haberem,
1094 3174 1120 3239 si
1144 3193 1261 3257 operae

133 3260 278 3343 pretium
300 3258 449 3329 duxisset
470 3261 644 3343 explicare,
674 3259 754 3343 quid
776 3261 949 3326 interesset
976 3261 1063 3325 inter
1085 3259 1159 3325 illas
1187 3280 1259 3342 par·

133 3344 250 3411 ticulas
285 3352 318 3415 et
349 3367 432 3428 quae
465 3354 551 3413 esset
584 3366 691 3425 causa,
714 3366 773 3411 our
801 3346 833 3411 h.
857 3344 878 3410 1.
910 3344 992 3411 illud
1018 3367 1101 3427 „non
1132 3345 1258 3413 solum“

135 3431 244 3496 minus
262 3430 338 3496 usui
355 3431 508 3498 Tulliano
527 3431 703 3499 convenire
721 3430 899 3498 videretur.
928 3430 1145 3497 Grammatici
1164 3432 1261 3510 enim,

141 3537 340 3599 quamquam
373 3517 466 3582 initio
506 3516 616 3602 paullo
657 3516 805 3583 diversas
839 3518 927 3582 inter
966 3538 1000 3583 se
1041 3517 1141 3583 luisse
1186 3535 1261 3600 par·

135 3600 311 3669 ticularum
357 3605 517 3683 notiones,
554 3609 714 3682 statuunt,
749 3608 860 3666 tamen
884 3601 1073 3681 concedunt,
1093 3601 1261 3669 Ciceronis

135 3687 335 3770 temporibus
358 3689 425 3755 fere
448 3688 538 3754 nullo
560 3687 748 3755 discrimine
766 3688 903 3755 alteram
925 3709 984 3771 pro
1002 3688 1106 3754 altera
1121 3688 1262 3772 positam

136 3794 217 3853 esse,
241 3795 300 3840 nec
322 3774 428 3856 ipsum
453 3775 641 3858 religiosum
664 3774 768 3839 ineis
791 3771 984 3840 adhibendis
1006 3775 1117 3840 fuisse.
1146 3774 1265 3856 Itaque

135 3880 204 3927 non
220 3858 376 3942 intelligo,
400 3882 458 3926 cur
479 3859 563 3925 illud
587 3880 673 3938 ,non
696 3859 819 3925 solum“
847 3860 956 3927 minus
980 3868 1096 3943 aptum
1116 3858 1260 3935 dicatur;

135 3943 170 4008 id
192 3951 301 4011 autem
322 3966 514 4028 persuasum
545 3945 657 4025 habeo,
685 3946 795 4010 minus
824 3952 954 4028 gratum
984 3946 1136 4015 futurum,
1163 3944 1262 4010 luisse

136 4029 290 4113 auribus,
320 4030 347 4095 si
377 4031 514 4099 dixisset
545 4039 668 4096 orator:
710 4030 795 4110 ,Qui
828 4030 940 4096 modo
973 4031 1098 4097 habent
1130 4028 1261 4114 aliquid,

136 4135 202 4179 non
226 4114 340 4181 modo
363 4117 542 4198 sapientiae
564 4124 596 4183 et
618 4138 646 4199 q.
671 4137 733 4182 seo.

221 4200 264 4271 Iu
285 4210 449 4286 postrema
471 4201 610 4286 denique
632 4201 791 4271 orationis
813 4208 905 4285 parte
932 4201 1057 4287 largam
1081 4199 1266 4289 castigandi
