2962 4836
675 233 845 296 -31...

197 398 338 481 Quaerit
359 401 590 484 enim,'quoles
608 403 675 467 sint
697 410 728 468 ct
748 426 846 486 quam
867 404 1018 488 ingentes
1040 403 1166 487 gratias
1182 403 1323 470 maiores

197 485 360 550 maximis.
405 487 627 553 Intellexisset
647 488 735 553 haud
759 489 864 567 dubie,
887 489 1066 555 si'illorum
1086 489 1232 555 locorum
1253 508 1322 554 mo·

198 571 357 651 minissct,
377 573 565 640 necobiitus
577 583 671 651 esset,
692 573 779 640 haud
790 596 863 639 roro
871 574 1024 643 adhiberi
1045 575 1319 658 „superlativum‘⁴
1428 610 1429 616 κ

198 677 265 720 non
288 656 330 720 ad
352 655 385 721 id
407 659 668 741 significandum,
692 681 754 741 quc
776 659 859 724 nihil
882 660 987 725 maius
1010 659 1112 740 possit
1133 660 1320 744 excogitari,

198 741 254 806 sed
283 742 429 807 obsolute
458 745 613 826 positum,
648 744 731 825 quod
764 744 969 829 grammatici
1001 744 1131 822 dicunt,
1161 766 1225 809 non
1256 745 1321 809 nisi

197 827 337 909 gradum
364 828 542 893 admodum
571 830 675 894 altum
704 839 802 912 atquc
826 831 950 895 elatum
978 829 1181 913 significare,
1210 831 1257 894 its
1285 837 1323 894 ut

201 914 402 989 „maximus“
417 935 484 979 non
495 914 637 979 multum
650 914 810 998 discrepet
821 937 841 983 a
854 921 1078 999 „permagus“‚
1093 916 1319 993 „carissimus“

197 999 265 1062 t'cre
287 997 375 1063 idem
392 999 436 1064 sit
464 1008 560 1082 atquc
585 999 776 1077 „admodum
804 1007 929 1066 corus‘.
980 999 1099 1082 Itaque
1128 1021 1225 1067 nomo
1254 1001 1320 1065 iam

197 1084 269 1159 crit,
293 1084 349 1165 qui
360 1085 494 1162 nesciat,
516 1085 628 1168 quales
639 1086 793 1151 sintillae
812 1086 958 1170 ,‚gratiac
975 1086 1116 1150 maiores
1135 1086 1320 1164 maximis“‚

198 1169 392 1251 praesertim
413 1192 488 1235 eum
509 1191 624 1235 revera
641 1171 772 1238 animus
786 1172 933 1236 vmaiores
951 1170 1071 1236 habere
1088 1172 1200 1253 possit,
1221 1192 1320 1254 quam

197 1275 277 1337 quas
299 1255 409 1320 vorbis
429 1255 459 1319 ci
482 1257 616 1338 exsequi
632 1255 737 1321 liceat.

284 1340 362 1423 Oap.
391 1340 455 1404 111.
490 1343 513 1424 d.
548 1346 577 1419 8,
611 1341 666 1406 ubi
688 1342 803 1407 Oicero
824 1342 967 1424 exponit,
999 1361 1153 1425 magnam
1181 1341 1319 1424 gloriam

198 1425 371 1491 Gaesarem
393 1424 455 1491 sibi
476 1426 648 1508 peperisse,
670 1427 851 1497 innumeris
873 1434 907 1492 et
936 1427 1146 1492 atrocissimis
1171 1425 1319 1492 hostibus

198 1511 301 1589 victis,
319 1511 376 1577 sed
394 1511 549 1579 maiorem
561 1511 689 1576 leudem
709 1534 784 1577 eum
803 1521 1052 1578 consecuturum
1070 1533 1141 1578 esse
1159 1512 1320 1596 singulari

196 1608 231 1661 et
252 1598 373 1662 eximia
395 1599 612 1679 temperantia
633 1606 666 1662 et
688 1597 791 1662 animi
819 1596 1050 1675 moderatione,
1080 1618 1145 1680 qua
1173 1605 1321 1663 uteretur

163 1704 167 1711 ’
197 1682 312 1747 inille
342 1683 414 1765 ipsa
442 1682 577 1749 victoria
604 1683 643 1748 do
671 1682 882 1765 Pompeianis
899 1691 1085 1766 reportato,
1117 1682 1198 1748 hacc
1220 1682 1319 1767 vulgo

107 1817 111 1823 -
197 1769 366 1852 leguntur:
393 1767 570 1845 „Animum
587 1769 727 1847 vincere,
752 1768 953 1835 iracundiam
972 1768 1129 1848 cohibere,
1149 1767 1319 1834 victoriam

195 1861 391 1937 temperare,
421 1852 645 1917 adversarium
678 1891 715 1899 -
747 1876 812 1918 non
840 1854 935 1919 modo
964 1852 1120 1919 extollere
1148 1853 1318 1933 iuuentem,

195 1938 252 2004 sed
282 1940 382 2006 ctiam
411 1938 608 2021 amplificare
636 1938 705 2011 cius
734 1940 907 2022 pristinam
936 1938 1144 2022 dignitatem,
1175 1976 1211 1986 -
1237 1938 1318 2005 haec

195 2026 250 2108 qui
272 2026 358 2103 facit,
390 2063 427 2072 -
459 2024 662 2089 simillimum
692 2023 752 2090 deo
780 2024 915 2093 iudicet
969 2025 1011 2089 In
1040 2024 1091 2089 his
1121 2025 1318 2091 constructio

198 2111 389 2188 „victoriam
409 2117 612 2191 temperarc“
637 2109 759 2174 Wolfio
782 2131 848 2174 non
877 2107 973 2175 modo
1002 2131 1068 2174 non
1095 2108 1317 2189 Ciceroniana,

194 2196 252 2261 ced
294 2197 350 2263 vix
382 2196 532 2259 Romana
575 2195 722 2274 videtum
761 2217 837 2260 nam
876 2201 1098 2279 ‚,tompcrare“
1132 2195 1317 2279 significatu

196 2280 454 2359 ,moderandis
480 2281 613 2345 modum
643 2280 803 2364 ponendi“
835 2302 910 2346 eum
939 2280 1037 2346 tertio
1066 2301 1143 2347 casu
1170 2283 1316 2347 construi

197 2367 301 2433 solere
319 2376 437 2433 censet.

278 2452 450 2518 Weiskius
473 2452 554 2518 haec
577 2451 619 2516 ad
643 2460 844 2517 structuram
870 2451 961 2515 illam
990 2450 1146 2517 tuendam
1178 2451 1315 2534 profert:

197 2539 756 2623 „Temperareeumaccusativocst
778 2543 940 2621 ‚,regere“.
963 2536 1052 2602 Hinc
1077 2544 1314 2619 ‚,tempcratus“

167 2623 291 2689 'homo
314 2624 347 2700 (i.
368 2645 395 2689 e.
419 2625 476 2707 qui
495 2645 529 2688 se
547 2623 656 2706 ipsum
667 2623 877 2705 temperavit)
893 2621 1022 2701 dicitur,
1041 2622 1128 2704 quod
1146 2643 1316 2705 nunquam

195 2707 364 2787 diceretur,
387 2709 452 2775 nisi
473 2718 507 2774 et
528 2708 672 2776 activum
699 2728 774 2772 cum
801 2728 866 2774 sec.
896 2708 931 2772 in
960 2729 1022 2773 usu
1051 2707 1166 2774 fuisset
1193 2707 1315 2788 eodem,

194 2816 257 2877 quo
277 2794 332 2859 hie
352 2795 493 2862 occurrit
514 2801 643 2860 sensu“.
694 2791 791 2873 Quod
820 2795 981 2876 posteriue
1013 2813 1079 2858 non
1108 2799 1196 2859 recte
1218 2794 1315 2858 rstic-

195 2880 321 2946 einatus
348 2888 399 2945 cst
425 2881 475 2948 vir
503 2878 625 2947 doctus.
685 2879 754 2944 Nec
779 2877 856 2961 quid
887 2880 930 2943 sit
961 2878 1151 2957 ,victoriam
1180 2884 1313 2962 regeret

196 2985 357 3047 assequor.

279 3050 393 3133 Neque
421 3050 598 3133 quidquam
627 3049 784 3131 probatur
820 3070 858 3112 ea
887 3048 1029 3125 ratione,
1058 3069 1154 3130 quem
1182 3048 1219 3112 in
1244 3048 1316 3115 loeo

194 3134 394 3203 defendendo
411 3136 581 3201 Wormius
602 3134 693 3199 iniit:
717 3134 808 3212 „Iam
823 3133 899 3198 olim
919 3133 1028 3215 inquit
1049 3132 1314 3210 soloecismorum

194 3221 316 3289 crimen
335 3221 483 3288 Oiceroni
505 3222 567 3287 fuit
588 3220 774 3303 impactum,
797 3217 881 3302 quod
904 3239 979 3284 eum
997 3239 1184 3285 communes
1206 3239 1315 3303 gram„

193 3307 386 3375 mstioorum
405 3306 710 3390 praeceptiunculas
726 3304 815 3369 haud
837 3326 911 3370 raro
933 3305 967 3369 in
986 3302 1154 3370 scribendo
1171 3304 1314 3388 migrare

194 3390 357 3461 videbant.
388 3392 455 3458 Sed
477 3392 518 3457 dc
539 3399 607 3457 tcto
625 3390 686 3457 hoc
708 3411 827 3475 genere
850 3391 889 3454 Δ,
912 3388 1071 3455 Schottus
1088 3396 1175 3455 recte
1197 3411 1315 3455 monu-

193 3478 258 3543 isse
281 3477 413 3545 videtur
435 3498 509 3545 cum
532 3477 705 3545 scriberet:
741 3475 872 3554 ,‚„Haec
895 3495 962 3539 non
985 3475 1095 3540 statim
1117 3473 1313 3542 damnanda.

193 3562 266 3631 Hoc
288 3564 376 3629 enim
398 3564 427 3629 si
448 3563 649 3647 permittitur
670 3563 813 3642 ποταμῶν
839 3561 970 3642 χωροῦσι
998 3568 1101 3641 πηγαί,
1125 3559 1210 3710 (god
1239 3582 1312 3645 pro*

194 3649 306 3721 uerbio
329 3649 392 3715 dici
416 3651 513 3726 solet,
537 3668 614 3714 oum
637 3668 702 3712 non
724 3646 813 3728 loqui
835 3668 895 3711 nos
913 3646 1103 3711 Ciceronem
1173 3668 1312 3725 cosmus,

193 3735 248 3799 sed
271 3734 404 3817 abipso
432 3735 540 3818 potius
569 3733 691 3798 discere
720 3731 946 3797 debeamus““.
996 3731 1123 3811 Nescio,
1152 3732 1230 3814 quid
1257 3732 1314 3799 alii

127 3839 131 3842 ·
184 3817 233 3883 ·de
253 3820 316 3884 hoc
337 3827 530 3902 argumento
552 3818 706 3894 sentiant,
730 3816 811 3881 mihi
833 3815 963 3900 quidem
981 3816 1110 3881 nullum
1130 3837 1200 3882 csse
1222 3816 1313 3883 uide·

192 3911 261 3983 tur,
295 3925 412 3987 meque
444 3902 554 3982 tandit,
589 3902 630 3969 ad
663 3900 834 3968 eiusmodi
853 3902 1096 3977 excusationem
1128 3903 1311 3987 confugere,

192 4009 257 4071 qua
277 3989 408 4072 quidvis
436 3989 540 4071 inepti
568 3986 698 4053 defendi
729 3986 839 4070 possit.
885 3987 988 4052 Recte
1016 3987 1143 4053 monuit
1171 3988 1313 4054 wolfius

193 4073 329 4143 verbum
354 4074 596 4159 „temperandi“
621 4072 713 4137 verbi
735 4072 963 4149 „moderandi“
996 4074 1114 4143 cinon
1144 4074 1210 4145 nisi
1237 4094 1312 4141 eum

193 4160 288 4229 tertio
306 4181 383 4231 casu
401 4159 555 4243 coniungi
582 4157 621 4223 cf.
650 4159 725 4231 Lis.
748 4161 799 4237 28„
821 4163 872 4236 44,
902 4155 981 4225 Sall.
1005 4157 1075 4223 Ost.
1102 4162 1193 4241 ll,8
1225 4159 1311 4241 ,nia
