2962 4836
630 209 800 275 ..32-

153 380 254 448 toriae
271 385 473 466 temperare“
488 381 564 448 Liv.
585 385 635 462 33,
656 387 674 445 3
697 382 801 460 „irae“
822 386 845 446 t.
878 381 971 448 Cart.
993 385 1059 461 5,7
1083 378 1281 461 „laetitiac“;

153 489 258 550 neque
290 467 396 533 ullum
420 467 624 550 exemplum,
659 488 723 549 quo
745 488 786 531 ex
810 468 911 533 verbo
945 468 1008 533 hoc
1037 489 1135 532 sensu
1164 465 1280 548 posito,

154 555 360 620 accusativus
383 562 481 636 aptus
503 554 555 631 sit,
579 554 757 618 invenitur.
809 552 927 635 Itaque
949 554 1103 618 Halmius
1124 570 1157 618 et
1178 550 1281 616 Rich·

154 648 245 704 terus
267 639 381 704 invitis
410 639 574 705 codicibus
596 660 655 722 per
679 638 897 703 coniecturam
927 642 1130 722 scripserunt
1160 637 1280 712 „victo-

155 725 253 802 riae“,
278 725 362 807 quod
381 745 577 808 quamquam
601 745 641 787 ex
664 724 830 789 communi
852 725 1046 789 Latinorum
1069 721 1197 790 dicendi
1221 743 1282 786 usu
1322 749 1326 752 ·

155 811 343 875 restitutum
356 816 414 888 est,
432 817 545 874 tamen
565 831 645 873 num
657 808 808 874 Ciceroni
827 809 1029 875 reddendum
1047 810 1090 875 sit
1107 806 1282 873 admodum

156 895 277 960 dubito.
308 897 382 960 Duo
405 896 491 960 enim
515 897 603 970 sun't,
626 914 711 977 quae
732 896 906 976 quominus
928 916 1055 961 summo
1078 893 1199 960 oratori
1221 892 1283 957 hoc

156 979 317 1059 tribuam,
347 981 536 1063 impediant.
589 980 750 1058 Primum,
780 1001 939 1063 nusquam
970 980 1095 1060 Cicero,
1124 986 1283 1063 quantum

157 1064 306 1150 equidem
329 1064 513 1143 observavi,
540 1064 675 1131 verbum
697 1064 759 1130 hac
781 1064 1017 1150 significatione
1038 1066 1179 1151 positum
1208 1084 1284 1131 cum

156 1151 265 1217 dativo
287 1151 336 1217 rei
355 1151 535 1229 coniunxit,
559 1149 676 1216 deinde
694 1151 729 1214 in
746 1151 942 1236 tautologiae
959 1151 1082 1218 crimen
1100 1153 1285 1217 incurreret

156 1248 281 1316 orator,
315 1237 344 1302 si
380 1236 574 1314 „victoriac“
609 1236 809 1320 scripsisset,
843 1258 919 1302 nam
952 1236 1030 1320 quid
1069 1237 1158 1304 aliud
1197 1242 1284 1302 esset

159 1323 333 1403 „victoriae
356 1329 558 1405 temperare“
582 1343 681 1404 quam
706 1320 870 1399 „animum
896 1324 1046 1389 vincere“
1079 1330 1112 1388 et
1136 1323 1284 1401 „iracun-

157 1409 276 1486 diam“‚
299 1429 382 1491 quae
404 1409 595 1491 plerumque
624 1407 798 1473 coniuncta
826 1429 896 1474 esse
925 1409 1008 1475 solet
1033 1430 1106 1474 cum
1136 1407 1283 1485 victoris,

159 1493 360 1574 „cohibere“.
382 1493 515 1558 -Iam
535 1514 621 1572 vero,
644 1493 820 1576 quaeritur,
840 1494 1000 1576 quomodo
1018 1494 1164 1578 genuina
1181 1493 1245 1559 scri
1270 1529 1284 1541 -

158 1587 233 1645 tura
266 1580 477 1659 restituatur,
509 1579 615 1644 locum
650 1579 736 1644 enim
772 1588 961 1664 corruptum
997 1602 1068 1646 esse
1101 1587 1136 1645 et
1165 1515 1284 1644 mendo

157 1666 306 1732 laborare
336 1687 432 1730 nemo
463 1684 531 1730 non
558 1664 723 1763 intelligit.
775 1663 914 1731 Codices
946 1665 988 1743 G,
1012 1665 1108 1744 ΕΘ
1137 1671 1285 1741 (auctore

157 1751 307 1836 Baitero)
347 1750 505 1835 praebent
545 1749 752 1829 ,vistonamr
788 1750 915 1817 codices
949 1752 1001 1830 M,
1030 1753 1066 1815 Τ.
1109 1752 1283 1831 „victnm“,

158 1836 259 1920 quod,
290 1857 365 1903 cum
395 1858 455 1920 pro
478 1835 664 1902 accusativo
699 1836 897 1903 substantivi
934 1836 1070 1903 haberet
1097 1837 1284 1903 Arusianus

159 1922 302 1988 Messias
325 1921 473 2006 vulgaris
494 1921 591 1986 verbi
612 1930 797 1987 structurae
820 1943 946 1987 memor
967 1943 998 2005 p.
1023 1927 1084 1987 264
1108 1921 1163 1988 ubi
1185 1922 1284 1987 huius

158 2008 221 2075 loci
243 2008 444 2073 mentionem
466 2007 552 2086 fecit,
583 2028 754 2090 perperam
782 2008 920 2072 mutavit
948 2009 984 2072 in
1015 2009 1165 2086 ,victui“.
1212 2009 1285 2074 Hoc

158 2102 266 2160 autem
289 2114 424 2177 prorsus
440 2093 588 2175 ineptam
610 2091 744 2176 praebet
762 2094 902 2158 sentiam
924 2102 958 2159 et
977 2116 997 2159 a
1015 2094 1173 2160 Cicerone
1192 2093 1285 2160 salva

158 2180 284 2246 ratione
306 2178 371 2243 dici
393 2200 458 2244 non
480 2179 592 2262 potuit
619 2213 654 2226 -

243 2265 382 2330 intuens
404 2265 478 2329 illas
500 2269 570 2328 tam
593 2264 739 2330 diversas
767 2265 947 2348 scripturas
972 2263 1072 2331 incidi
1101 2265 1136 2329 in
1158 2266 1284 2331 coniec-

160 2361 277 2428 turam,
299 2370 363 2432 qua
384 2350 455 2435 ipsa
477 2349 645 2415 Ciceronis
667 2350 768 2416 verba
789 2350 831 2415 ad
849 2351 1016 2434 integrum
1038 2351 1168 2416 restitui
1190 2358 1284 2435 puta·

159 2436 275 2501 verim.
321 2437 398 2518 Ipsa
419 2435 506 2501 enim
529 2435 590 2500 loci
612 2437 777 2501 sententia
799 2435 936 2502 suadere
959 2435 1091 2503 videtur
1119 2445 1156 2502 ut
1183 2438 1284 2520 scrip·

160 2523 240 2588 sisse
283 2520 474 2587 Ciceronem
515 2521 713 2586 arbitremur
759 2521 856 2590 haec:
918 2522 1096 2601 „Animum
1144 2523 1284 2602 vincere,

158 2607 363 2674 iracundiam
385 2606 544 2685 cohibere,
575 2607 688 2673 victo
710 2613 960 2690 temperare,
990 2607 1213 2674 adversarium
1243 2648 1283 2658 -

160 2692 317 2759 extollere
338 2693 496 2759 iacentem
522 2698 555 2756 et
576 2713 605 2776 q.
634 2713 696 2758 sec.
751 2693 854 2776 Atque
882 2692 944 2760 hoc
971 2713 1086 2759 revera
1114 2694 1148 2757 in
1171 2693 1283 2760 arche-

159 2790 239 2864 typo
261 2780 371 2857 fuisse,
395 2784 564 2861 procerte
587 2778 819 2843 affirmaverim
825 2802 834 2858 ;
857 2800 894 2845 ac
917 2786 1032 2861 sponte
1054 2789 1188 2864 apparet
1210 2800 1281 2862 per·

159 2886 288 2930 versam
318 2864 410 2928 illam
439 2864 643 2947 scripturam,
675 2885 757 2947 quae
781 2865 815 2927 in
845 2865 938 2930 libris
967 2865 1197 2948 manuscriptis
1225 2885 1281 2928 ex·

160 2951 306 3028 hibetur,
334 2950 431 3033 culpa
457 2948 582 3014 librarii
610 2955 714 3014 ortam
740 2971 819 3028 esse,
850 2951 922 3034 qui,
954 2971 1028 3015 cum
1055 2950 1285 3017 antecederent

161 3036 336 3102 accusativi
365 3042 400 3100 et
421 3033 708 3117 subsequerentur,
736 3035 834 3100 etiam
867 3036 928 3101 hoc
958 3035 1027 3102 loco
1056 3037 1145 3103 hunc
1172 3052 1284 3102 casum

160 3120 347 3205 ponendum
381 3142 465 3200 esse,
496 3120 719 3185 arbitraretur.
777 3122 932 3187 Fortasse
965 3122 1063 3201 etiam
1096 3124 1167 3188 eius
1199 3121 1285 3188 oculi

161 3206 400 3272 aberraverunt
421 3227 440 3269 a
462 3207 691 3271 terminatione
708 3207 799 3271 verbi
825 3206 1075 3285 ,‚iracundiam“.
1121 3207 1187 3273 Sed
1206 3229 1284 3291 qoo-

161 3293 386 3375 modocunque
398 3291 584 3375 corruptela
597 3292 736 3376 irrepsit,
755 3292 788 3356 id
800 3300 924 3357 certum
943 3300 1001 3370 est,
1025 3293 1133 3372 talem,
1153 3294 1284 3376 qualem

162 3377 288 3444 codices
309 3378 498 3461 praebeant,
521 3376 629 3442 locum
652 3398 717 3441 non
740 3376 910 3442 ferendum
935 3399 1014 3443 esse.
1064 3378 1182 3462 Itaque
1204 3378 1284 3443 satis

162 3464 275 3530 mirari
303 3485 368 3528 non
396 3484 545 3547 possum,
574 3463 659 3545 quod
686 3464 731 3528 M.
760 3463 943 3548 Seyffertus
969 3465 1004 3527 in
1031 3483 1133 3547 gram.
1169 3466 1193 3547 ξ.
1226 3468 1283 3528 169

162 3547 251 3614 haud
279 3548 376 3614 dubie
403 3548 502 3613 huius
530 3548 592 3613 leci
625 3549 817 3614 auctoritate
844 3551 935 3614 nisus
963 3549 1050 3626 dicit,
1080 3549 1285 3632 temperandi

162 3635 300 3700 verbum
323 3655 395 3699 cum
424 3634 609 3700 accusativo
631 3634 802 3718 coniungi,
833 3634 861 3699 si
889 3635 956 3699 fere
984 3633 1071 3700 idem
1099 3637 1157 3714 sit,
1187 3644 1285 3719 atque

165 3719 293 3802 ,aliqua
314 3740 443 3785 recum
466 3720 689 3785 moderatione
711 3722 787 3785 uti.“

128 3831 130 3835 ¹
248 3804 445 3870 Coniectura
467 3813 586 3882 autem,
609 3815 647 3870 ut
668 3805 729 3871 hoc
751 3804 878 3883 addam,
900 3827 997 3889 quam
1017 3807 1170 3890 proposui
1188 3827 1284 3890 prop-

163 3899 252 3956 terea
280 3890 454 3956 admodum
476 3892 652 3976 probabilis
674 3892 814 3969 videtur,
837 3891 921 3973 quod
941 3899 1074 3975 recepta
1102 3892 1158 3957 illa
1182 3893 1285 3976 scrip·

164 3986 239 4040 tura
259 3976 363 4042 multo
385 3977 577 4043 concinnius
594 3978 632 4040 fit
653 3985 761 4041 totum
782 3977 990 4041 enuntiatum
1013 3985 1046 4043 et
1075 3977 1157 4042 illud
1183 3985 1285 4055 „tem-

163 4069 297 4145 perarc“
317 4061 417 4134 ‚verbi
445 4061 636 4145 „parcendi“
661 4063 694 4130 vi
712 4062 1045 4144 frequentatissimum
1063 4062 1283 4129 estCiceroni.

165 4147 343 4233 Compares
377 4148 476 4213 velim
508 4147 575 4213 Cic.
610 4149 729 4214 Accad.
744 4146 752 4158 ⁸
766 4152 793 4228 2,
828 4153 857 4227 2,
893 4156 912 4211 4
945 4148 1107 4231 superatis
1137 4149 1285 4217 hostibus
