2962 4836
625 178 796 242 ..40-

149 353 204 413 tur
227 352 345 431 „atque
366 367 427 432 ego
449 348 520 431 ipse
545 347 693 433 eogitans
720 348 853 414 sentio.“
899 346 963 415 Illa
994 347 1133 416 mutatio
1165 351 1277 415 autem

147 433 314 500 levissima
338 440 407 513 est;
437 454 514 498 nam
537 433 619 499 illud
646 432 779 518 siguum
808 434 1086 519 suprasoriptum,
1126 453 1189 517 quo
1216 453 1277 518 per

147 519 373 603 compendium
392 519 503 586 littera
527 525 598 599 „m“
623 520 729 604 exeipi
741 519 874 599 solebat,
897 518 1051 587 fauillime
1066 519 1139 585 fieri
1159 521 1276 604 potuit,

147 614 185 670 ut
215 605 448 691 negligeretur.
509 603 576 671 Sed
603 604 774 671 ferendum
804 612 871 685 eet,
901 605 987 689 quod
1016 604 1116 689 vulgo
1143 604 1174 672 le
1199 605 1276 686 itur,

147 712 222 758 oum
244 692 296 757 vir
318 690 431 758 doetus
459 693 529 775 ipse
557 690 715 759 oonoedat
740 691 881 771 silentio,
909 690 993 757 nihil
1019 692 1053 756 iu
1082 691 1142 757 illa
1169 626 1277 757 lbrrna

146 778 265 857 inesse,
289 777 375 860 quod
398 783 455 844 aut
477 777 659 844 sententiae
681 784 739 849 aut
759 778 872 862 generi
894 777 1045 844 Tulliano
1066 777 1277 844 eontrarium

148 862 307 931 videatur.
352 863 537 948 Displicent
559 871 668 939 autem
691 863 815 929 Wolfio
832 863 934 931 verba
959 865 1081 947 „ipsam
1104 863 1277 930 viatorium

148 949 265 1015 vioisse
285 948 437 1027 viderim,
461 971 544 1100 puae
565 949 677 1033 inepta
702 948 814 1017 addita
836 970 906 1016 esse
929 956 1053 1029 oenset3
1081 948 1160 1016 satis
1187 949 1277 1016 enim

32 1067 33 1070 ¹
148 1035 295 1101 futurum
318 1035 417 1100 fuisse
439 1035 523 1100 ilud
548 1043 599 1115 ,te
628 1037 739 1119 ipsum
767 1035 906 1102 vicisti&
957 1035 1066 1102 Aliter
1092 1033 1277 1102 haedere

146 1120 298 1187 Wormio
320 1120 439 1187 visum.
468 1122 584 1200 „Put0,
602 1121 719 1204 inquit,
741 1129 914 1200 oratorem,
928 1143 1003 1187 oum
1025 1120 1124 1187 dixit:
1151 1121 1278 1206 „ipsam

149 1208 318 1274 vintoniam
331 1207 469 1288 vioisti“,
492 1206 581 1272 aliud
602 1215 700 1291 atque
717 1207 852 1291 gravius
875 1204 982 1273 dicere
1005 1206 1155 1287 voluisse,
1177 1227 1277 1291 quam

123 1293 177 1375 ,ai
215 1300 266 1373 ,te
297 1293 403 1377 ipsam
436 1292 594 1360 viatorem
632 1292 759 1360 vioisti“
804 1292 951 1360 dixisset.
1013 1293 1180 1358 Nimirum
1213 1291 1278 1361 hoo

148 1378 277 1445 fuisset:
301 1379 407 1444 'I'uam
429 1378 532 1462 ipsius
555 1379 775 1460 ambitionem,
797 1380 891 1459 iram,
911 1379 1134 1463 eupiditatem,
1156 1379 1277 1462 quibus

148 1486 209 1549 per
237 1465 407 1531 viatoriam
435 1465 623 1532 satisfacere
650 1466 784 1545 lioebat,
814 1465 932 1532 vioisti.
989 1462 1078 1531 Illud
1106 1472 1279 1550 praeterea

148 1550 235 1618 hano
255 1548 371 1617 habuit
393 1550 473 1619 vim:
504 1551 655 1617 omnibus
677 1551 811 1617 omnino
838 1551 1131 1630 sollicitationibus,
1159 1550 1278 1635 quibus

148 1636 300 1717 viatores,
323 1643 360 1702 ut
392 1637 570 1702 abutantur
598 1637 736 1704 viatoria
763 1645 795 1703 et
823 1638 972 1704 inimicos
1002 1637 1150 1722 graviter
1178 1636 1278 1704 uleis-

150 1729 277 1801 oantur,
299 1722 411 1790 induoi
433 1722 547 1802 solent,
571 1729 607 1788 tu
631 1744 717 1788 unns
739 1728 772 1789 et
792 1724 966 1790 immotum
989 1731 1023 1789 et
1051 1723 1210 1790 inviotum
1242 1729 1277 1790 te

172 1808 339 1874 raebnisti.
406 1809 451 1874 nt
486 1829 700 1894 quaeeunque
737 1809 915 1889 monendo,
948 1807 1170 1895 suggerendo,
1204 1829 1278 1877 sua·

150 1831 267 1976 londo,
300 1893 508 1977 impellendo,
543 1894 762 1981 oppugnando
795 1894 946 1963 homines
983 1896 1073 1962 huno
1102 1894 1137 1959 in
1177 1896 1278 1961 finem

150 1987 228 2048 sunt
261 1979 376 2060 moliti,
399 1980 466 2047 alto
493 1980 574 2048 haee
603 1982 712 2047 animo
746 1982 918 2047 reieoisti“.
968 1980 1098 2047 Deinde
1127 1987 1202 2065 apte
1235 1979 1279 2047 ad

149 2067 259 2133 looum
290 2065 520 2151 explioandum
552 2067 642 2133 addit
675 2067 743 2134 (lio.
777 2068 854 2133 Div.
887 2066 947 2133 IV.
986 2071 1004 2132 9
1039 2067 1169 2144 „omnia
1197 2072 1279 2132 sunt

150 2153 271 2219 misera
292 2152 442 2219 inbellis
462 2152 619 2233 civilibus,
643 2174 726 2237 quae
747 2160 836 2220 aetas
858 2161 971 2220 nostra
995 2173 1092 2238 saepe
1114 2153 1178 2218 iam
1202 2174 1278 2219 sen-

150 2241 202 2319 sit,
225 2238 282 2304 sed
305 2238 456 2305 miserius
478 2238 570 2318 nihil,
588 2259 687 2323 quam
714 2240 788 2324 ipsa
816 2239 962 2317 viatoria,
984 2260 1068 2323 quae
1085 2238 1213 2305 etiamsi
1236 2236 1279 2304 ad

150 2325 301 2391 meliores
319 2324 419 2405 venit,
441 2331 553 2390 tamen
575 2347 629 2391 eos
651 2326 740 2408 ipsos
767 2324 940 2393 ferociores
969 2325 1279 2410 impotentioresque

151 2411 238 2489 faoit,
268 2418 305 2475 ut
338 2409 466 2477 etiamsi
499 2418 618 2476 natura
649 2411 733 2476 tales
764 2433 832 2478 non
865 2411 941 2490 sint,
981 2412 1174 2478 neeessitate
1207 2431 1279 2478 esse

151 2502 327 2581 cogentum
350 2495 454 2561 multa
471 2497 560 2564 enim
582 2496 709 2579 viatori,
731 2518 844 2564 eorum
862 2496 1007 2577 arbitrio,
1025 2518 1084 2580 per
1095 2517 1177 2579 quoa
1189 2496 1277 2578 vioit,

152 2583 253 2649 etiam
275 2582 379 2649 invito
401 2581 549 2648 faoienda
569 2589 677 2648 sunt“

238 2666 366 2750 Quibus
388 2667 538 2752 perleotis
560 2689 657 2734 nemo
678 2669 745 2735 iam
773 2667 856 2734 illud
887 2670 1012 2754 „ipsam
1029 2667 1208 2747 ,vietor-iam
1226 2668 1278 2733 vi·

152 2756 235 2822 uisse
257 2753 408 2833 videris,“
434 2775 497 2838 quo
519 2755 586 2819 iam
608 2754 777 2821 cumulum
807 2753 917 2820 verbis
940 2754 1009 2820 suis
1027 2761 1139 2820 orator
1160 2752 1280 2820 addere

152 2847 186 2907 et
206 2839 344 2906 eandem
357 2839 508 2907 ansaris
529 2839 739 2906 elementiam
750 2840 874 2924 insigni
885 2839 1025 2941 quadam
1038 2841 1163 2907 ratione
1174 2838 1277 2905 extol-

152 2927 220 2992 lere
243 2925 323 3006 vult,
345 2927 545 3012 superfluum
568 2933 626 2991 aut
646 2928 795 3011 ineptum
826 2924 1087 2992 addrtamentnm
1112 2924 1277 2993 iudieabit

81 3034 82 3037 ¹
239 3013 299 3093 Ea,
323 3033 406 3097 quae
427 3011 582 3097 deinoeps
610 3013 775 3099 leguntur,
806 3012 937 3078 silentio
966 3012 1189 3097 praeterirem,
1214 3011 1280 3077 nisi

153 3108 186 3165 et
208 3098 280 3183 ipsa
301 3098 494 3165 documento
515 3104 635 3180 essent,
661 3107 739 3182 quot
760 3097 879 3165 menda
899 3119 919 3164 a
939 3097 1082 3165 librariis
1104 3099 1140 3163 in
1161 3097 1281 3163 oratio·

153 3206 229 3250 nem
255 3184 349 3250 illata
370 3190 489 3251 essent.
534 3184 628 3259 Haeo
649 3185 737 3251 enim
760 3191 894 3250 exstant
913 3185 949 3250 in
971 3184 1141 3250 nonnullis
1166 3181 1281 3249 oodioi-

152 3271 214 3336 bus
235 3270 274 3349 F,
297 3271 343 3350 M,
367 3271 410 3335 T:
458 3270 562 3349 „Nam
589 3290 664 3337 oum
690 3271 793 3354 ipsius
821 3270 976 3337 victoriae
1003 3269 1187 3336 eonditione
1211 3289 1280 3335 om-

153 3377 213 3422 nes
235 3356 306 3422 iure
331 3356 407 3423 vieti
430 3356 697 3436 oeoidiesemus“;
725 3356 780 3421 alii
802 3356 860 3441 (G,
881 3357 926 3437 Ε)
950 3355 1142 3425 vocabulum
1168 3355 1278 3435 „iure“

154 3441 317 3507 omittunt.
362 3442 480 3521 Roote3
510 3463 587 3506 nam
602 3441 799 3508 'luculenter
826 3450 972 3527 apparet,
1001 3441 1064 3508 hoo
1086 3443 1127 3508 ab
1147 3441 1281 3507 homine

154 3527 297 3594 doetiore
329 3527 469 3611 quodam
504 3525 653 3594 vocabuli
686 3527 907 3607 „conditione“
951 3527 1137 3611 explioandi
1175 3525 1282 3612 gratia

154 3615 315 3679 insertum
336 3613 389 3681 vel
417 3615 451 3713 in
481 3614 630 3713 margine
659 3612 858 3697 adscriptum
886 3612 996 3695 fuisse,
1025 3612 1143 3679 deinde
1170 3619 1282 3680 autem

153 3722 188 3765 rn
210 3719 394 3766 sermonem
415 3720 593 3781 irrepsisse.

240 3785 283 3849 In
305 3786 329 3867 ξ.
357 3787 403 3848 13.
440 3785 582 3857 Wolfiue
604 3806 690 3851 nove
711 3786 866 3869 nulloque
887 3787 1013 3869 probati
1038 3784 1205 3869 scriptoris
1224 3805 1283 3850 ex·

156 3871 264 3954 emplo
292 3869 415 3935 dietum
449 3871 623 3951 existimat,
660 3871 773 3955 „eulpa
801 3873 950 3952 erroris“,
979 3894 1085 3957 neque
1107 3878 1182 3955 apte
1205 3890 1283 3936 oon-

155 3958 215 4021 iun
240 3955 246 3970 ‘
270 3977 364 4039 posse
387 3963 498 4024 oenset
522 3956 689 4039 ,eulpam“
714 3964 747 4022 et
772 3964 955 4036 ,‚err0rem“
980 3979 1079 4042 quum
1098 3956 1194 4041 eulpa
1215 3975 1282 4023 non

156 4062 209 4106 mo
233 4062 252 4107 o
275 4040 373 4120 aliud,
398 4041 576 4108 sedetiam
599 4043 733 4127 gravius
755 4042 906 4125 quiddam
931 4045 981 4123 sit,
1004 4064 1101 4128 quam
1124 4065 1224 4109 error.
1241 4078 1284 4090 -

156 4127 231 4192 Non
261 4126 425 4193 intellexit
453 4128 505 4193 vir
534 4127 648 4202 doetus
676 4136 733 4193 aut
765 4129 947 4215 intelligere
977 4130 1090 4209 noluit,
1123 4128 1200 4213 quid
1221 4128 1283 4194 hoo

153 4211 225 4280 looo
257 4211 320 4280 sibi
348 4212 448 4283 vellet
479 4213 675 4282 voeabulum
709 4213 873 4300 „oulpae“.
918 4215 1012 4303 Seire
1044 4216 1133 4282 enim
1162 4213 1283 4295 debuit,
