2962 4836
627 248 792 316 ...12-

144 421 337 501 Asconium,
356 421 413 506 qui
435 420 536 506 vulgo
556 419 653 486 tertio
675 428 751 504 post
773 418 852 486 (lhr.
875 439 961 487 anno
989 428 1088 488 natus
1109 440 1181 488 esse
1202 439 1272 488 ere·

144 507 243 588 ditur,
272 529 345 574 eam
374 507 501 591 legisse.
530 543 574 554 ·—
607 505 705 588 Quod
734 513 844 572 autem
873 505 968 586 dicit,
997 529 1121 574 morem
1149 505 1272 571 Roma·

144 614 261 659 norum
296 593 358 660 sibi
386 593 515 659 obstare
544 592 661 674 videri,
695 593 869 676 quominus
903 592 1095 661 Ciceronem
1123 591 1273 678 pluribus

143 681 255 747 verbis
277 679 414 747 Caesari
436 680 561 764 gratias
583 678 688 763 egisse
708 688 812 762 putet,
843 700 895 744 me
917 679 1046 762 quidem
1076 680 1183 746 iudice
1205 699 1271 744 non

143 766 223 834 satis
251 786 322 833 esse
350 765 533 850 putandum
562 774 613 831 est
640 764 681 829 ad
715 765 944 830 auctoritatem
973 766 1064 832 illius
1093 765 1273 833 testimonii

142 850 384 918 infirmandam.
413 851 516 918 Recte
538 852 625 916 enim
648 851 820 916 Wormius
843 852 925 918 haee
943 852 1065 918 Wolfio
1087 850 1274 934 obloquitur

142 937 164 1002 l.
186 938 207 1002 l.
229 959 260 1021 p.
285 941 336 1004 20.
383 936 442 1014 ,si
470 937 525 1004 vel
552 936 586 1002 id
614 935 729 1003 demus
758 937 841 1002 mori
870 952 904 1002 et
930 937 1112 1021 elegantiae
1142 944 1271 1005 contra·

142 1023 229 1090 rium
256 1024 375 1103 fuisse,
405 1021 553 1107 longiore
583 1024 617 1088 in
647 1031 763 1089 senatu
793 1024 941 1089 oratione
975 1025 1100 1108 gratias
1128 1024 1271 1106 aliquem

143 1129 256 1194 agere,
298 1111 396 1176 huius
428 1131 486 1194 pro
521 1110 568 1175 M.
603 1109 762 1175 Marcello
800 1110 981 1192 gratiarum
1015 1111 1153 1176 actionis
1186 1108 1270 1174 ratio

142 1195 240 1280 plane
256 1195 432 1280 singularis
454 1195 585 1261 videtur
604 1196 733 1262 efficere
754 1196 909 1278 potuisse,
933 1204 969 1261 ut
990 1217 1010 1260 a
1032 1218 1123 1263 more
1138 1203 1269 1279 recepto

142 1290 177 1347 et
197 1281 433 1349 consuetudine
456 1281 518 1346 hoc
544 1281 631 1361 loco,
655 1281 769 1348 (licere
795 1281 984 1348 discederet.
1037 1284 1171 1349 Etenim
1194 1304 1268 1347 eum

141 1368 310 1451 inopinato
331 1388 408 1434 casu
429 1369 475 1433 sic
497 1368 598 1434 fuisse
615 1388 808 1451 percussum
831 1369 1039 1453 graviterque
1061 1377 1268 1446 commotum,

141 1461 180 1520 ut
196 1452 321 1520 laetitia
338 1454 509 1520 exsultans
528 1461 561 1519 et
577 1454 723 1538 gestiens
734 1454 912 1536 voluptate,
935 1455 1077 1538 linguae,
1095 1457 1147 1521 oui
1170 1455 1270 1520 silen-

142 1539 226 1605 tium
238 1540 411 1618 indixerat,
431 1562 497 1606 non
508 1541 750 1622 temperaverit,
770 1540 879 1619 verba,
898 1562 980 1624 quae
991 1562 1091 1626 supra
1102 1542 1271 1624 posuimus

141 1647 183 1692 ex
204 1626 299 1711 epist.
323 1625 364 1692 ad
383 1624 578 1711 Sulpicium,
601 1628 774 1692 manifesto
792 1625 967 1693 declarant.
1012 1626 1080 1693 Sed
1102 1627 1269 1694 hominem

141 1713 194 1779 vel
222 1713 507 1797 prudentissinum
541 1721 574 1778 et
600 1712 868 1792 urbanissimum,
898 1715 944 1779 sic
972 1715 1197 1791 constitutum,
1224 1713 1270 1778 sie

141 1799 312 1879 affectum,
343 1799 494 1864 nonnihil
524 1800 648 1877 animo,
685 1806 817 1883 praeter
848 1821 970 1865 morem
1000 1809 1034 1865 et
1062 1800 1269 1885 elegantiam,

140 1883 313 1971 indulgere
335 1883 423 1950 haud
446 1884 668 1951 mirabimur.“
723 1884 790 1951 Sed
820 1907 861 1951 ne
883 1885 924 1951 ad
948 1885 1106 1951 eiusmodi
1136 1885 1268 1970 quidem

142 1971 385 2038 excusationem
404 1992 485 2050 esse,
508 1993 567 2037 cur
589 1970 818 2056 confugiamus
841 1972 934 2038 docet
956 1972 1127 2037 Weishius
1149 1972 1170 2038 l.
1192 1972 1213 2038 l.
1236 1992 1266 2055 p.

142 2060 183 2120 46
207 2065 240 2122 et
262 2062 303 2121 47
322 2057 379 2123 ubi
397 2058 586 2138 comprobat
607 2057 768 2140 exemplis
786 2080 829 2122 ex
851 2058 950 2123 Livio
968 2056 1146 2135 (XXVIII.
1172 2064 1211 2123 39
1235 2067 1268 2123 et

140 2142 251 2208 XLV.
279 2142 331 2296 lg)
354 2153 387 2210 et
403 2166 445 2209 ex
457 2142 616 2209 Sallustio
630 2143 718 2227 (Ing.
741 2145 813 2225 110)
830 2143 947 2223 allatis,
964 2144 1064 2209 talem
1075 2145 1265 2224 orationem,

141 2229 272 2312 qualem
324 2230 410 2296 icero
432 2239 503 2295 tum
525 2231 559 2294 in
583 2238 701 2296 senatu
723 2252 758 2295 se
776 2228 929 2296 habuisse
952 2237 1098 2309 testetur,
1120 2251 1187 2294 non
1209 2231 1265 2295 ab·

142 2315 308 2382 horruisse
331 2337 351 2381 a
372 2336 462 2381 more
485 2315 573 2381 illius
598 2316 722 2382 aetatis.
773 2315 842 2382 Suo
864 2317 935 2381 iure
957 2316 1058 2401 igitur
1080 2315 1267 2395 Passovius,

142 2402 311 2480 rationem,
335 2402 554 2485 quaWolfius
566 2402 685 2468 axillis
700 2401 868 2486 „pluribus
883 2403 1009 2469 verbis“
1035 2411 1268 2487 argumentum

141 2495 254 2555 contra
275 2492 457 2554 orationem
479 2510 595 2554 eruere
613 2488 752 2568 studeat,
771 2488 830 2552 tali
849 2490 919 2554 viro
937 2488 1106 2572 indignam
1124 2489 1269 2556 iudicare

141 2574 281 2641 ridetur.
307 2611 347 2622 -·
371 2574 422 2640 Ad
446 2575 526 2641 haee
548 2574 631 2639 nihil
654 2574 748 2652 addo,
770 2573 858 2657 quod
880 2574 921 2640 ad
939 2575 1116 2640 refellenda
1138 2597 1177 2641 ea
1195 2597 1269 2660 pcr-

142 2659 256 2740 tineat,
279 2681 361 2745 quae
383 2682 424 2726 ex
440 2662 584 2726 moribus
597 2661 821 2725 Romanorum
844 2672 957 2727 contra
978 2662 1159 2727 orationem
1178 2658 1269 2727 Mar·

142 2746 314 2813 cellianam
342 2747 451 2832 colligi
480 2757 513 2813 et
541 2746 679 2830 proferri
712 2768 807 2831 posse
836 2747 978 2813 Wolfius
1008 2755 1135 2825 censet,
1163 2769 1269 2830 neque
1393 2812 1398 2819 ,

141 2833 244 2899 refert
264 2833 357 2911 scire,
388 2855 466 2898 uum
488 2854 604 2899 revera
625 2832 828 2900 consuetudo
851 2833 939 2899 illius
962 2833 1079 2899 aetatis
1101 2832 1175 2898 talis
1196 2832 1267 2897 iue-

141 2920 203 2997 rit,
231 2919 361 3003 qualem
389 2920 441 2985 vir
467 2919 580 2984 doctus
609 2941 645 2985 se
673 2918 863 2984 observasse
890 2919 977 2997 dicit,
1009 2940 1083 2985 cum
1110 2920 1180 3002 ipse
1212 2917 1268 2983 illo

140 3005 211 3071 loeo
238 3027 268 3089 p.
298 3010 336 3070 27
367 3007 477 3071 statim
501 3005 609 3082 addat,
632 3026 673 3070 ex
695 3004 950 3089 locupletissimo
978 3003 1149 3071 Plutarchi
1177 3006 1268 3071 testi·

141 3092 251 3157 monio
265 3113 430 3176 apparere,
446 3091 522 3170 „illa
561 3091 633 3157 lura
644 3092 763 3157 verba“
778 3112 844 3156 non
856 3092 1003 3175 explesse
1021 3089 1153 3157 modum
1165 3091 1269 3156 iustae

142 3178 311 3258 orationis,
342 3199 424 3261 quae
449 3176 525 3243 dein
550 3200 567 3243 e
596 3185 706 3260 posset
734 3177 853 3243 litteris
882 3176 1039 3242 mandari.
1091 3179 1141 3243 Eo
1167 3179 1270 3262 igitur

142 3264 314 3347 abreptum
333 3263 482 3329 videmus
499 3266 610 3330 virum
629 3263 851 3329 doctissimum
870 3261 1045 3346 cupiditate
1056 3263 1270 3346 conquirendi

144 3370 268 3431 causas,
290 3350 408 3435 quibus
430 3350 529 3415 fidem
553 3349 711 3432 epistolae
734 3349 824 3415 illius
847 3348 1019 3413 Tullianae
1048 3348 1269 3429 labefactaret,
1292 3350 1295 3361 ⁴

142 3444 269 3501 utnon
291 3438 437 3514 sentiret,
460 3457 495 3500 se
512 3436 547 3500 in
570 3435 809 3502 inconstantiae
830 3434 954 3498 crimen
972 3434 1150 3511 incurrere,
1172 3435 1269 3500 modo

142 3528 350 3600 statuentem,
373 3522 553 3606 longiorem
571 3522 750 3588 orationem
768 3521 830 3587 sub
850 3519 916 3584 illis
947 3519 1116 3603 „pluribus
1138 3521 1265 3587 verbis“

140 3608 254 3686 latere,
276 3607 374 3674 modo
394 3607 453 3673 illa
479 3607 620 3673 formula
648 3609 767 3674 iustam
796 3606 978 3672 orationem
1003 3608 1181 3691 significari
1214 3628 1269 3671 ns·

141 3700 283 3778 gentem.
312 3731 348 3743 ·-
373 3693 441 3761 Sed
460 3715 501 3759 ne
529 3695 709 3778 iniquiores
741 3693 911 3759 videamur
943 3714 1014 3759 esse
1042 3693 1181 3774 iudices,
1211 3714 1268 3759 au-

142 3778 280 3860 diamus,
304 3779 465 3864 quomodo
487 3801 582 3846 suam
605 3781 804 3846 sententiam
834 3781 1013 3846 confirmet.
1061 3781 1168 3858 „Nam
1192 3800 1265 3846 cum

140 3866 234 3933 brevi
258 3876 332 3951 post
348 3868 536 3933 restitutum
555 3867 759 3945 Marcellum,
782 3867 899 3949 inquit,
922 3865 1037 3932 (licere
1055 3886 1115 3948 pro
1134 3866 1268 3949 Ligario

141 3951 291 4019 dicturus
313 3961 407 4031 esset,
430 3974 494 4035 quo
516 3952 649 4019 tandem
670 3959 765 4037 pacto
787 3952 948 4036 potuisset
970 3952 1092 4018 Caesar
1119 3952 1167 4016 eis
1196 3971 1267 4015 ver·

141 4037 191 4103 bis
214 4040 271 4115 uti,
294 4038 412 4122 quibus
434 4047 504 4104 tum
526 4060 623 4105 usum
651 4038 753 4103 tradit
773 4038 972 4105 Plutarchus
999 4039 1049 4115 (in
1077 4036 1146 4102 vita
1175 4035 1268 4102 (lice-

140 4122 233 4189 ronis
254 4145 280 4190 c.
305 4128 345 4189 39
368 4146 400 4208 p.
424 4128 503 4201 880)
535 4129 579 4188 Τί
605 4125 710 4188 κωλύει
738 4122 792 4190 eva
820 4122 928 4208 χρίνου
953 4126 1118 4207 Κικέρωνος
1143 4120 1268 4188 ἀκοῦσαι

142 4212 286 4294 λέγοντος,
316 4210 381 4277 lael
401 4210 500 4278 ceilae
521 4219 654 4299 κέκριται
678 4210 806 4297 πονηρὰς
829 4209 901 4296 ciale
927 4213 978 4276 καὶ
998 4213 1137 4294 πολέμιος
1143 4233 1153 4291 3
1186 4227 1269 4296 quae
