2962 4836
691 206 861 268 ..ςι-

212 376 299 440 caim
332 375 414 455 iure,
448 398 510 461 quo
543 377 662 443 iudicia
691 380 848 459 ,magua“
880 380 914 441 et
945 379 1074 452 „tanta“
1105 373 1166 440 dici
1190 378 1337 456 possunt,

212 459 310 526 etiam
343 463 524 537 „maxima“
555 461 740 544 nuncupari
768 481 861 543 posse
891 481 987 526 nemo
1015 459 1219 525 infitiabitur.
1270 458 1338 525 aaa

212 545 292 612 haee
309 567 362 612 res
380 547 513 613 levioris
531 548 687 613 momenti
705 553 755 616 est
775 556 808 611 et
825 544 1025 611 transeundo
1042 553 1171 610 tentum
1186 542 1338 610 aWolflo

211 631 392 713 perstricta.

299 716 432 782 Diutius
454 718 574 782 morari
596 740 656 783 nos
677 738 811 784 necesse
833 725 884 782 est
912 717 946 781 iu
969 714 1173 782 defendenda
1191 713 1249 779 illa
1271 714 1338 779 ior·

212 802 302 867 mula
326 803 400 879 „Ex
422 809 517 885 quo“‚
541 824 605 885 qua
632 803 717 867 male
746 802 943 879 virdoctus,
973 823 1020 880 ea,
1051 822 1133 885 quae
1160 808 1339 881 sequantur

212 910 287 953 oum
305 887 572 953 antecedentibus
589 889 744 971 coniungi
765 888 852 953 dicit.
885 887 978 952 Haec
996 888 1083 952 enim
1101 885 1142 951 ad
1164 885 1222 949 illa
1240 886 1340 951 verba

212 973 364 1039 adnotat:
400 974 473 1051 „Ex
504 972 696 1040 Caesarisne
727 972 862 1052 iudicio,
894 972 996 1056 quod,
1030 973 1139 1037 neseio
1168 993 1232 1052 quo
1265 990 1339 1050 usu,

212 1058 333 1124 dieitur
353 1059 583 1139 ,maximum
607 1082 649 1125 an
667 1080 709 1125 ex
729 1066 864 1124 senatus
883 1079 1043 1124 consensu
1060 1059 1095 1122 in
1113 1055 1337 1139 deprecando?

213 1166 254 1208 an
273 1143 412 1227 denique
429 1167 470 1209 ox
489 1145 550 1210 hac
568 1155 705 1227 utraque
729 1166 773 1224 re,
797 1152 867 1209 tum
885 1143 991 1208 alieno
1012 1143 1141 1221 iudicio,
1164 1150 1236 1206 tum
1256 1141 1337 1206 suo?

212 1229 304 1294 Nihil
326 1230 442 1295 horum
467 1231 598 1314 penitus
625 1230 753 1313 probari
782 1237 898 1313 potest,
928 1228 1024 1293 modo
1051 1226 1264 1312 grammatica
1287 1248 1337 1291 ra·

213 1316 313 1391 tione,
335 1315 431 1379 modo
449 1317 613 1380 sententia
631 1323 844 1399 repugnante,
867 1323 904 1379 ut
921 1314 1014 1379 facile
1037 1315 1080 1379 sit
1100 1313 1218 1391 videre,
1241 1331 1339 1395 quam

212 1401 293 1466 haee
315 1400 430 1466 inscite
452 1402 679 1469 consarcinata
700 1403 795 1465 sint“
842 1401 892 1464 Ne
918 1400 979 1465 hoo
1001 1397 1132 1482 quidem
1154 1398 1223 1463 loco
1246 1420 1265 1462 a
1286 1418 1339 1462 me

213 1487 390 1569 impetrare
411 1507 555 1569 possum,
586 1496 623 1551 ut
645 1484 761 1551 Wolfio
784 1486 953 1564 assentiar,
983 1506 1057 1551 cum
1080 1505 1185 1566 neque
1207 1485 1241 1547 io
1265 1503 1338 1549 sen·

213 1571 316 1636 tentia
338 1578 416 1649 tota,
445 1571 606 1655 usquein
629 1572 738 1637 verbis
766 1571 846 1654 ipsis
868 1570 1046 1654 quidquam
1075 1570 1181 1653 inepti
1201 1568 1340 1634 videam.

213 1656 300 1721 Illud
326 1678 386 1734 „ox
409 1665 491 1741 quo“
515 1657 604 1722 enim
627 1679 693 1722 non
715 1657 756 1722 ad
780 1656 928 1722 Caesaris
949 1655 1105 1721 iudicium
1126 1662 1184 1719 aut
1205 1662 1340 1720 senatus

212 1762 406 1811 consensum
436 1750 492 1808 aut
519 1741 560 1808 ad
589 1743 677 1808 aliud
705 1741 867 1825 quoddam
895 1741 1106 1820 venabulum,
1135 1747 1262 1823 spectat
1283 1739 1339 1806 sed

215 1827 418 1895 conclusivae
440 1828 619 1911 particulae
639 1830 746 1894 instar
767 1849 818 1907 ea,
848 1849 931 1910 quae
953 1824 1153 1909 praecedunt
1174 1833 1340 1909 tamquam

214 1912 468 1996 comprehendit.
513 1914 586 1981 Hoc
618 1913 715 1979 modo
747 1914 815 1979 iam
841 1913 1012 1978 Wormius
1043 1912 1217 1976 formulam
1249 1911 1339 1975 illam

214 1999 447 2082 interpretatus
469 2006 519 2064 est
540 1999 674 2065 ethaeo
695 1999 879 2082 explicandi
897 1998 1003 2081 gratia
1025 1995 1163 2062 addidit:
1188 1996 1341 2075 „Scilicet

214 2090 325 2150 orator
351 2105 515 2150 summum
537 2094 679 2162 senatus,
710 2085 745 2149 in
768 2105 867 2150 causa
888 2082 1048 2162 Marcelli,
1076 2103 1281 2162 consensum,
1308 2088 1341 2146 et

215 2170 430 2235 honorificum
459 2169 610 2237 Caesaris
643 2171 683 2236 de
715 2192 753 2236 eo
783 2169 949 2248 iudieium‚
982 2169 1070 2235 vitae
1102 2168 1204 2239 illius,
1224 2167 1339 2247 omnis,

214 2277 289 2320 cum
309 2255 407 2320 laude
425 2264 525 2335 actae,
555 2258 696 2321 fructum
720 2256 903 2321 maximum
926 2261 959 2320 et
981 2254 1161 2337 praemium
1182 2253 1340 2336 amplissi-

214 2363 305 2405 mum
325 2340 464 2422 iudieat;
494 2341 634 2425 indeque
656 2342 768 2421 efficit,
796 2341 859 2406 hoe
886 2340 1065 2423 praemium
1096 2339 1213 2404 debere
1235 2338 1339 2404 maxi·

215 2447 301 2491 mam
332 2427 424 2492 danti
453 2428 570 2493 afferre
599 2427 739 2507 laudem,
768 2448 869 2510 quum
900 2433 1027 2491 tantam
1049 2424 1219 2508 accipienti
1241 2446 1338 2508 pepe·

214 2512 294 2593 rerit
315 2511 484 2595 gloriam.“
879 2565 881 2569 .

300 2596 425 2663 Eodem
447 2597 554 2679 modo,
582 2607 681 2682 atque
710 2598 872 2676 hocloco,
901 2595 1090 2679 saepissime
1112 2595 1226 2661 (licere
1248 2594 1340 2659 illam

216 2681 387 2747 formulam
414 2683 573 2749 adhibuit.
618 2683 797 2767 compares
825 2683 922 2748 velim
953 2682 1044 2759 haec,
1073 2701 1155 2765 quae
1178 2702 1218 2745 ex
1247 2679 1339 2744 libris

218 2766 277 2843 „de
298 2769 429 2834 offleiis“
453 2769 607 2852 exscripsi
629 2768 787 2852 exempla.
831 2767 884 2833 De
901 2768 954 2832 off.
972 2766 1000 2832 I.
1017 2766 1079 2832 XI.
1098 2771 1147 2832 36.
1186 2767 1258 2843 „Ex
1277 2786 1340 2847 quo

214 2851 355 2937 intelligi
373 2862 497 2937 potest*
518 2893 555 2901 -
574 2853 602 2920 I.
625 2859 673 2935 16,
692 2860 742 2920 52.
787 2855 840 2920 Ex
870 2874 934 2936 quo
963 2862 1040 2917 sunt
1069 2852 1125 2917 illa
1153 2851 1341 2916 eommunia

214 2937 240 3003 Ι.
264 2942 311 3018 18,
331 2944 370 3002 59
389 2962 430 3004 ex
448 2961 521 3023 quo,
543 2947 701 3023 quantum
719 2939 834 3023 cuique
852 2938 1018 3019 debeatur,
1035 2937 1207 3021 intelligas
1240 2937 1267 3001 Ι.
1289 2940 1339 3013 30,

219 3028 277 3087 106
305 3025 358 3089 Ex
387 3046 449 3108 quo
477 3025 676 3109 intelligitur
704 3024 749 3089 Π.
779 3031 808 3103 8,
832 3029 871 3087 ‘29
902 3025 953 3088 le
983 3045 1046 3106 quo
1075 3021 1171 3088 debet
1199 3020 1339 3106 intelligi

213 3109 908 3189 aram-aam-amea

298 3196 352 3260 Ex
380 3195 433 3261 his
464 3195 624 3279 exemplis
651 3197 730 3262 satis
759 3216 917 3278 apparere
943 3193 1027 3259 mihi
1053 3192 1192 3273 videtur,
1219 3194 1339 3259 formu-

214 3278 279 3343 lam
307 3280 398 3346 illam
423 3303 484 3359 „ex
505 3288 586 3364 quo“
617 3304 682 3347 non
712 3280 753 3346 ad
780 3280 910 3364 singula
937 3278 1095 3363 quaedam
1123 3280 1213 3347 verbi
1234 3301 1338 3344 enun-

215 3363 290 3428 ciati
322 3366 542 3432 antecedentis
573 3369 754 3450 pertinere,
795 3366 852 3432 sed
891 3366 937 3430 ita
971 3364 1136 3444 adhiberi,
1175 3375 1214 3429 ut
1249 3386 1337 3430 sum·

215 3468 304 3513 mam
325 3471 447 3531 eorum,
476 3473 559 3535 quae
585 3461 681 3518 antea
708 3452 855 3536 exposita
880 3449 955 3531 sint,
985 3451 1078 3533 quasi
1106 3451 1339 3535 complectatur

215 3543 249 3597 et
269 3535 452 3617 proximam
480 3539 677 3604 sententiam
700 3559 741 3602 ex
764 3538 821 3616 eis,
850 3558 932 3620 quae
960 3535 1155 3602 antecedant
1182 3535 1337 3620 quodam·

215 3620 311 3685 modo
339 3625 503 3707 consequi,
533 3622 691 3691 ostendat.
736 3621 843 3706 Saepe
869 3622 971 3707 igitur
999 3623 1247 3705 particularum:
1276 3622 1337 3686 ita-

214 3727 285 3789 que,
320 3727 431 3790 quare,
463 3710 623 3793 quocirca,
657 3730 744 3793 ergo,
778 3717 810 3773 et
839 3729 921 3790 quae
953 3714 1031 3772 sunt
1063 3707 1146 3772 aliae
1178 3704 1338 3772 eiusmodi

214 3813 350 3858 munere
371 3794 530 3878 fungitur,
560 3816 657 3877 saepe
685 3802 793 3859 autem
822 3791 905 3857 nihil
935 3791 1024 3856 aliud
1046 3791 1108 3857 sibi
1129 3794 1212 3872 vult,
1239 3790 1336 3875 quam

212 3886 251 3941 ut
279 3879 450 3943 sententiis
472 3879 709 3963 coniungendis
736 3878 895 3943 inserviat
922 3884 955 3941 et
980 3877 1110 3955 indicet,
1137 3876 1338 3944 intercedere

212 3962 354 4046 aliquam
383 3964 470 4028 inter
491 3987 546 4040 ea,
568 3985 650 4047 quae
672 3972 851 4047 sequantur
875 3971 909 4028 et
935 3962 1138 4041 antecedant,
1168 3965 1338 4028 rationem.

213 4046 312 4127 Quid,
339 4049 426 4132 quod
456 4049 544 4114 haud
568 4071 643 4115 raro
673 4053 756 4114 ratio
785 4049 916 4114 demum
939 4059 1014 4131 post
1041 4049 1140 4113 talem
1163 4049 1337 4114 formulam

214 4132 370 4216 sequitur,
403 4144 439 4199 ut
459 4134 603 4199 Weiskii
625 4137 734 4202 verbis
756 4144 841 4217 utar,
870 4153 945 4199 eum
973 4155 1045 4201 eam
1074 4140 1170 4218 putes
1193 4142 1338 4202 anoeeea
