2962 4836
660 210 832 271 ‚Al-2

186 382 272 448 hanc
306 398 419 447 vocem
452 399 519 444 nou
547 378 645 444 modo
677 378 805 445 facinus
834 379 1044 446 commissum
1078 379 1130 447 vel
1159 379 1314 446 delictum

185 467 381 552 significare,
403 464 461 531 sed
489 466 589 531 etiam
612 464 839 547 conditionem,
868 488 933 550 qua
960 465 1032 548 quis
1060 472 1192 550 propter
1213 465 1313 532 male-

185 555 305 620 factum
330 548 459 634 aliquod
482 550 602 635 dignus
625 551 676 630 sit,
700 553 757 634 qui
773 572 879 636 poena
897 551 1059 618 afficiatur
1077 552 1131 627 (ef.
1149 551 1216 618 Oio.
1230 551 1312 617 Rab.

186 637 282 705 Perd.
310 641 383 717 1,2
409 637 505 720 culpa
525 636 632 705 delicti
655 644 688 703 et
710 639 786 704 Aoo.
810 641 862 718 25,
890 638 951 722 17).
998 637 1184 705 Confitetur
1212 637 1314 722 igitur

185 726 329 808 ingenue
348 732 466 802 orator,
490 745 525 789 se
545 730 579 788 et
596 723 686 803 alios,
706 723 762 806 qui
783 730 893 806 partes
909 723 1058 809 Pompeii
1076 724 1179 789 secuti
1196 730 1314 802 essent,

186 811 268 876 falso
296 818 393 892 atque
423 809 513 874 inani
543 816 633 874 metu
661 818 696 874 et
724 831 834 875 errore
862 809 970 893 aliquo
998 808 1155 875 adductos
1177 830 1256 887 esse,
1279 816 1317 875 ut

186 897 337 964 Caesaris
371 895 552 961 adversarii
584 895 774 960 existerent.
830 895 904 962 Hoc
924 897 1069 961 nomine
1101 915 1180 980 ergo
1213 916 1248 961 se
1280 902 1315 961 et

185 983 356 1066 plerosque
378 979 615 1065 quodammodo
636 981 781 1048 accusari
804 1003 913 1064 posse,
944 982 1005 1048 hoo
1032 982 1093 1047 sibi
1121 981 1314 1065 exprobrari

185 1089 289 1153 posse.
323 1067 498 1133 Neminem
521 1075 630 1132 tamen
648 1067 826 1151 quidquam
843 1067 1054 1146 commisisse,
1076 1067 1161 1151 quod
1183 1067 1314 1134 sceleris

186 1154 317 1220 nomine
340 1153 477 1237 dignum
499 1161 592 1219 esset.
641 1154 746 1236 Atque
768 1153 855 1218 idem
878 1155 1000 1220 sentire
1018 1153 1193 1220 Gaesarem
1214 1173 1313 1236 seque

185 1241 272 1324 ipsos
302 1240 363 1305 hoo
390 1239 525 1305 crimine
554 1237 702 1318 liberare,
731 1239 808 1305 hnic
837 1240 884 1305 rei
910 1239 1105 1306 documento
1134 1259 1205 1304 esse
1235 1238 1314 1304 dicit
1354 1279 1355 1283 =

186 1326 426 1391 restitutionem
449 1325 495 1391 Μ.
519 1324 677 1390 Marcelli.
710 1326 814 1390 ¹Haeo
840 1325 944 1409 igitur
969 1333 1020 1392 est
1041 1325 1104 1392 loci
1132 1324 1312 1391 sententia:

189 1411 304 1491 „Denn
314 1412 375 1479 wir
396 1411 469 1491 alle,
493 1411 617 1478 diewir
638 1411 674 1475 iu
692 1412 909 1496 jeuesLoger
927 1410 1030 1479 durch
1048 1413 1102 1477 ein
1119 1410 1313 1495 bcklageus·

186 1498 329 1565 werthes
360 1496 428 1562 und
463 1497 784 1578 verhlingnissvolles
814 1497 978 1564 Gesohick
1013 1496 1070 1562 des
1098 1495 1229 1564 Staates
1258 1517 1314 1581 ge·

186 1584 312 1650 trieben
340 1582 487 1662 wurden,
521 1582 594 1649 sind
618 1585 709 1668 petat,
743 1605 840 1650 wenu
867 1606 931 1650 uns
961 1582 1045 1650 auch
1075 1583 1133 1649 der
1159 1583 1320 1649 Vorwurf

186 1669 425 1748 mensohlioher
448 1669 633 1754 Verirrung
655 1670 748 1750 trifft,
774 1692 838 1735 von
862 1669 920 1736 der
941 1669 1095 1755 Auklagc
1118 1669 1206 1736 eines
1228 1668 1312 1735 Ver·

185 1755 343 1823 brechene
365 1754 660 1840 freigesprochen.“
686 1791 724 1800 -
747 1755 787 1821 In
810 1756 958 1823 novitate
979 1761 1088 1821 autem
1109 1754 1200 1821 illius
1221 1754 1314 1821 iune-

186 1848 279 1908 turae
303 1842 419 1925 „culpa
441 1841 581 1907 erroris“
606 1862 672 1906 non
700 1862 781 1921 esse,
811 1840 896 1923 quod
925 1841 1119 1908 haereamus
1141 1839 1314 1907 Weishius

187 1928 280 1994 docet
300 1926 367 1993 his:
401 1926 591 2006 „Permulta
619 1926 772 1994 similiter
802 1927 914 1993 iuncta
936 1949 1011 1993 cum
1036 1946 1156 2012 magna
1178 1927 1313 2012 empha-

166 2035 258 2096 seos
280 2015 443 2097 gravitate
465 2012 552 2097 apud
570 2013 660 2080 hunc
683 2014 789 2097 ipsum
802 2014 993 2082 Ciceronem
1015 2020 1048 2079 et
1070 2014 1139 2079 cius
1161 2012 1314 2096 aequales

185 2099 348 2184 leguntur,
370 2120 508 2183 quorum
530 2100 677 2165 novitate
699 2120 814 2166 omncs
836 2099 1050 2168 delectamur:
1080 2108 1113 2165 et
1134 2105 1222 2166 recte
1244 2100 1314 2182 qui-

187 2185 269 2252 dem.
315 2184 406 2268 Quid
427 2185 516 2251 enim
539 2183 656 2253 causae
678 2194 738 2265 est,
762 2208 821 2253 our
843 2186 982 2271 singula,
1005 2205 1089 2269 quae
1116 2205 1177 2250 neo
1198 2184 1314 2252 verho-

188 2293 261 2338 rum
284 2271 524 2355 significationi,
548 2293 608 2337 nee
625 2293 733 2337 rerum
746 2283 883 2337 naturae
901 2278 1095 2356 repugnent,
1118 2278 1151 2338 et
1163 2291 1182 2336 a
1195 2292 1314 2356 magno

188 2357 319 2442 quidem
348 2357 511 2425 scribendi
541 2358 665 2424 artifice
692 2359 845 2442 profecta,
875 2356 1082 2441 repudiemus
1089 2381 1097 2438 3
1126 2357 1204 2423 bina
1225 2376 1314 2438 vere,

188 2451 247 2513 aut
268 2451 364 2510 terna
385 2442 544 2510 eiusmodi
567 2443 823 2528 amplectamur?
857 2444 933 2510 Non
951 2443 1047 2509 modo
1058 2445 1180 2509 Latina
1200 2442 1316 2527 lingua

188 2529 245 2596 vix
278 2529 455 2615 quidquam
488 2528 629 2597 scribere
660 2550 846 2615 possemus,
880 2528 937 2596 sed
968 2551 1010 2596 ne
1043 2529 1151 2612 patria
1183 2527 1315 2613 quidem

189 2615 302 2696 aliave,
332 2637 414 2700 quae
441 2614 537 2682 hodie
566 2617 601 2682 in
630 2636 692 2682 usu
715 2616 804 2682 vitae
826 2624 987 2692 versatur,
1018 2614 1186 2683 commode
1205 2624 1314 2681 utere-

80 2764 84 2769 .
189 2724 272 2783 mur,
296 2702 324 2768 si
345 2708 413 2768 tam
436 2702 518 2768 dura
539 2701 612 2788 lege
634 2701 778 2769 devincti
800 2723 954 2769 essemus.
990 2703 1110 2767 Actum
1133 2709 1220 2769 essct
1241 2721 1315 2786 pro-

188 2789 275 2856 fecto
304 2787 344 2854 de
377 2787 574 2873 eloquentia,
607 2789 636 2855 si
663 2789 704 2854 cb
732 2795 819 2854 recte
846 2796 880 2853 et
912 2789 1057 2855 breviter
1090 2796 1123 2854 et
1150 2787 1317 2871 sapienter

190 2874 285 2954 dieta,
303 2895 386 2958 quae
404 2874 490 2958 apud
509 2875 589 2941 alios
606 2875 781 2958 scriptores
798 2896 865 2939 non
887 2883 1067 2953 occurrant,
1090 2873 1214 2956 optima
1235 2873 1315 2957 opti·

190 2982 318 3026 morum
340 2961 534 3046 scriptorum
556 2981 656 3044 opera
676 2960 940 3026 damnarentur.“

274 3048 348 3114 Iam
377 3067 466 3126 vero,
496 3047 685 3130 priusquam
716 3046 757 3110 ad
791 3044 882 3110 aliud
913 3043 1067 3129 quiddam
1101 3053 1316 3125 transeamus,

190 3152 321 3200 necesse
349 3133 421 3213 erit,
454 3141 493 3198 ut
520 3153 624 3215 pauca
652 3130 810 3198 addamus
832 3131 872 3198 de
899 3131 1136 3211 emendatione,
1170 3152 1252 3215 quae
1279 3131 1316 3196 in

189 3217 425 3286 recentioribus
452 3218 650 3284 editionibus
678 3217 856 3284 invenitur.
901 3217 1077 3284 Richterus
1102 3228 1135 3283 et
1162 3217 1219 3282 alii
1241 3224 1317 3283 ante

191 3324 303 3370 vocem
328 3303 478 3383 „sedere“
502 3303 696 3388 particulam
720 3310 791 3381 „at“
821 3303 1027 3370 inserendam
1049 3310 1235 3389 proponunt
1256 3323 1316 3386 pro

194 3395 250 3467 „a“
276 3389 328 3455 vel
353 3389 442 3469 „ab“,
465 3390 549 3474 quod
570 3391 603 3454 in
627 3389 794 3455 nonnullis
816 3390 908 3456 libris
930 3390 1161 3473 manuscriptis
1182 3387 1316 3456 exhibe·

191 3482 256 3539 tur.
306 3474 397 3543 Haeo
428 3476 614 3542 coniectura
646 3474 728 3541 mihi
761 3477 894 3542 omnino
928 3498 995 3542 non
1033 3476 1198 3560 probatur.
1248 3476 1316 3542 Re·

192 3567 287 3645 cepta
308 3560 397 3626 enim
418 3561 475 3627 illa
496 3562 657 3645 particula
678 3561 783 3639 multo
804 3562 990 3646 languidior
1012 3563 1051 3627 fit
1071 3584 1178 3628 sermo
1185 3586 1193 3643 ;
1217 3584 1316 3647 asyn-

192 3647 299 3726 deton,
329 3645 416 3729 quod
437 3656 581 3727 vocatur,
615 3648 685 3714 sine
714 3646 812 3713 dubio
841 3649 950 3732 aptius
978 3656 1029 3714 est
1055 3655 1087 3713 et
1115 3648 1190 3733 plus
1217 3646 1318 3715 habet

191 3731 353 3816 ponderis.
398 3732 548 3815 Accedit,
577 3733 662 3816 quod
692 3733 876 3800 emendatio
909 3734 1026 3799 nititur
1053 3735 1205 3811 lectione,
1233 3753 1317 3819 quae

192 3825 304 3903 aperte
332 3838 410 3903 prae
440 3840 474 3885 se
502 3820 565 3885 fert
594 3819 855 3902 interpolationis
885 3820 1036 3904 speciem.
1086 3821 1191 3886 Nemo
1219 3819 1317 3901 euim,

191 3906 249 3988 qui
271 3904 400 3988 quidem
422 3906 580 3971 rationem
603 3903 761 3982 codicum,
791 3905 896 3988 qualis
918 3905 961 3971 sit
982 3908 1196 3990 perspexerit,
1224 3905 1316 3973 dubi·

192 3990 284 4068 tabit,
307 3991 385 4073 quin
407 3990 490 4056 illud
516 3997 572 4068 „a“
598 3992 651 4058 vel
676 3990 753 4068 „ab“
778 4000 891 4073 postea
911 3991 1057 4057 additum
1080 3993 1132 4058 sit.

278 4077 331 4141 Ad
354 4079 377 4160 ξ.
405 4082 442 4139 14
463 4076 606 4141 Wolfius
628 4076 708 4142 haec
730 4074 880 4142 adnotat:
907 4078 1076 4155 „Faernus
1098 4087 1132 4142 et
1152 4078 1317 4144 Patricius

192 4163 337 4247 expungi
366 4160 548 4228 suadebant
563 4162 707 4242 .„sooia“,
737 4164 859 4246 inquo
886 4163 1007 4248 aliquid
1031 4164 1150 4231 vidisse
1172 4184 1228 4229 eos
1249 4166 1317 4248 opi-

192 4266 261 4313 uor.
305 4249 405 4316 (lette
426 4245 564 4315 adiectio
586 4247 675 4316 vocis
695 4268 762 4314 non
784 4246 884 4317 habet
905 4248 1153 4319 Ciceronianam
1175 4249 1316 4334 oopiem3
