2962 4836
645 226 809 288 ..46-

162 394 1094 481 quaeexempladocent,qualissueritRomanorumusus.
1113 396 1300 461 Praeterea

160 502 328 564 compares
350 481 451 546 velim
473 479 587 546 hacde
607 503 643 546 re
660 481 770 546 Krebs
784 481 955 547 Antibarb.
980 504 1004 548 s.
1027 506 1057 547 v.
1079 481 1294 564 ‚,gratulari.“

245 568 318 632 Iam
340 589 420 633 vero
442 568 622 645 videamus,
647 590 726 632 num
752 568 878 631 veriora
901 570 955 632 vel
981 568 1202 652 probabiliora
1224 568 1298 632 sint

161 663 364 736 argumenta,
396 653 515 736 quibus
541 654 574 717 iu¹
605 674 674 735 cap.
698 653 776 718 VII.
800 654 953 719 evincere
983 655 1115 720 studeat
1135 654 1189 717 vir
1216 652 1295 717 doc-

161 750 223 887 pJus,
257 759 363 822 genus
396 738 524 805 dicendi
557 740 714 805 orationis
743 741 867 805 abusu
891 740 1044 805 Tulliano
1073 760 1207 823 prorsus
1234 739 1295 803 ab·

185 846 305 890 orrere.

248 914 297 976 Ac
308 912 452 994 primum
466 909 598 993 quidem
615 919 716 995 negat
736 910 876 988 „Latine
890 910 1093 993 ,provideri“
1107 932 1174 976 uon
1185 910 1296 993 magis

162 1017 257 1081 posse
275 997 495 1080 suspicionem
514 996 582 1061 ullo
602 1018 702 1062 sensu
721 1005 778 1062 aut
795 995 862 1061 ulla
883 997 1136 1064 constructionis
1153 996 1293 1075 ratione,

161 1103 258 1166 quam
281 1082 459 1166 „prospici“
496 1104 553 1147 seu
589 1085 748 1161 „cavori“,
782 1103 857 1147 cum
890 1092 1003 1149 auctor
1036 1084 1097 1149 hoc
1128 1082 1296 1168 significet

165 1189 307 1247 „cavera
330 1190 372 1233 ne
394 1168 429 1233 id
450 1170 591 1248 eveniat,
614 1167 699 1251 quod
721 1170 755 1234 iu
778 1169 962 1252 suspicione
984 1178 1055 1234 erat
1071 1169 1245 1252 positum.“

246 1253 287 1318 In
306 1254 404 1321 verbo
426 1253 659 1337 „providendi“
673 1276 726 1320 me
749 1254 880 1339 quidem
901 1254 1008 1322 iudice
1026 1254 1111 1320 nihil
1128 1264 1186 1333 est,
1204 1253 1294 1336 quod

161 1339 314 1405 offendat.
359 1339 560 1429 Saepissime
589 1341 677 1406 euim
705 1340 804 1406 habet
833 1342 997 1406 notionem
1021 1342 1111 1409 verbi
1141 1359 1292 1423 „praeca-

162 1425 292 1504 vendi“,
316 1425 401 1509 quod
423 1448 498 1492 cum
509 1449 550 1491 ex
574 1426 646 1493 aliis
668 1427 780 1493 multis
802 1425 882 1494 locis
904 1437 1048 1511 apparet,
1073 1436 1143 1492 tum
1165 1446 1207 1491 ex
1228 1425 1293 1491 hoc

161 1513 263 1578 Attio.
284 1511 330 1577 H.
357 1517 382 1590 l,
407 1517 435 1576 6.
470 1512 573 1595 ,quod
597 1535 617 1578 a
638 1534 690 1577 me
712 1514 758 1578 ita
780 1524 993 1596 praecautum
1022 1522 1119 1597 atque
1147 1513 1194 1577 ita
1216 1533 1290 1594 pro·

162 1598 270 1665 visum
292 1605 373 1679 est,“
397 1597 454 1664 ubi
476 1599 557 1664 haec
574 1600 675 1667 verba
697 1599 811 1664 eadem
830 1600 862 1664 vi
880 1601 1055 1666 coniuncta
1072 1599 1290 1681 reperiuntur.

161 1683 279 1768 Itaque
301 1685 335 1750 iu
354 1683 510 1751 vocabulo
535 1685 766 1768 „suspicionis“
791 1685 898 1751 inesse
920 1686 1102 1771 putandum
1123 1692 1182 1763 est,
1205 1683 1291 1767 quod

161 1769 286 1835 Wolfio
319 1769 529 1854 displicuerit
584 1772 693 1837 Huius
726 1773 793 1838 vim
826 1792 892 1837 non
924 1788 1012 1838 recte
1045 1771 1128 1836 mihi
1161 1770 1292 1836 videtur

162 1857 378 1940 perspexisse.
426 1855 614 1942 „Suspicio”
639 1858 727 1924 eninr
757 1857 819 1925 hoc
849 1858 919 1924 loco
941 1881 1006 1925 uon
1028 1867 1079 1924 est
1099 1879 1162 1935 res,
1192 1877 1292 1940 quam

164 1941 339 2008 Caesarem
361 1945 520 2027 suspicari
542 1944 620 2007 dicit
642 1944 766 2024 Cicero,
795 1942 852 2009 sed
881 1953 931 2010 est
959 1945 1069 2027 opinio
1095 1943 1135 2009 de
1164 1941 1293 2007 insidiis

163 2027 298 2095 Caesari
327 2031 459 2113 paratis,
489 2031 537 2094 ita
564 2038 616 2094 ut:
650 2051 750 2112 „quae
774 2030 942 2116 (suspicio)
969 2031 1064 2096 nobis
1091 2028 1294 2113 providenda

163 2118 229 2181 cst“
262 2112 405 2182 breviter
435 2115 559 2180 dictum
587 2114 631 2181 sit
655 2135 731 2199 pro:
764 2137 846 2198 quae
875 2137 918 2180 ne
947 2117 1077 2195 existat,
1110 2113 1164 2182 vel
1198 2114 1293 2180 cuius

163 2199 321 2266 oriundae
342 2222 385 2266 ne
406 2200 492 2267 iusta
513 2222 609 2267 causa
631 2201 725 2280 adsit,
749 2200 842 2267 nobis
863 2200 1103 2286 providendum
1125 2207 1184 2268 est.
1233 2221 1235 2226 ·

249 2285 357 2367 Quem
390 2309 486 2354 usum
519 2296 629 2353 autem
658 2288 857 2354 Latinorum
890 2297 968 2354 ante
1001 2287 1109 2354 oculos
1141 2285 1294 2352 habuerit
1402 2331 1405 2336 -

163 2371 316 2450 Wolfius,
346 2394 522 2457 perquem
550 2373 642 2439 illam
664 2375 939 2441 constructionem
968 2375 1046 2439 ferri
1068 2395 1161 2457 posse
1184 2380 1292 2457 neget,

163 2458 416 2628 nRebdirinpndo
449 2460 580 2543 quidem
614 2481 776 2543 assequor.
828 2459 877 2526 of.
908 2461 995 2526 Phil.
1024 2460 1070 2525 II.
1100 2465 1129 2537 8,
1161 2479 1221 2543 pro
1254 2457 1292 2524 O.

198 2547 302 2622 a.2,
340 2550 401 2611 .4.

251 2629 381 2696 Deinde
402 2638 525 2698 rectam
544 2632 804 2699 observationem
822 2654 900 2698 usus
920 2631 1126 2698 Ciceroniaui
1148 2630 1200 2697 vir
1222 2629 1293 2696 doc·

165 2722 219 2783 tus
252 2716 359 2782 inesse
391 2726 503 2783 censet
535 2717 570 2782 in
600 2717 722 2784 Faerni
751 2717 968 2799 adnotatione,
1002 2740 1066 2802 qua
1097 2716 1293 2783 vocabulum

169 2803 364 2882 ,cautionis“
391 2803 440 2869 bis
468 2803 610 2887 positum
634 2803 875 2888 perstrinxerit.
922 2803 975 2868 Ad
1002 2805 1083 2869 haec
1105 2802 1290 2868 Wormius:

170 2887 392 2968 ,Vocabulum
413 2889 612 2970 ,cautionia“
643 2890 692 2956 bis
724 2891 865 2974 positum
895 2891 927 2955 h.
957 2890 977 2955 l.
1006 2889 1219 2974 probabilem,
1249 2886 1291 2952 ad

165 2996 276 3040 meum
299 2997 440 3053 sensum,
464 2974 564 3042 habet
586 2977 766 3060 emphasin,
790 2997 895 3060 neque
913 2977 1081 3042 Faernum
1103 2975 1165 3042 hoe
1183 2973 1295 3041 debuit

165 3060 340 3141 offendere,
363 3060 525 3145 siquidem
543 3062 658 3129 Oiecro
675 3062 761 3129 hane
780 3064 955 3129 verborum
976 3062 1183 3128 iterationem
1200 3060 1294 3143 ponit

165 3148 200 3211 in
233 3148 391 3213 orationis
422 3148 602 3213 luminibus
630 3148 737 3231 (Orat.
762 3153 802 3214 39
818 3156 858 3214 et
886 3170 912 3214 c.
941 3153 991 3222 15)
1023 3150 1200 3233 ipsumque
1232 3145 1293 3212 hoc

165 3254 269 3383 {enus
291 3233 514 3317 frequentasse
537 3234 696 3320 exemplis
719 3235 809 3301 docet
831 3233 970 3316 Quintil.
993 3235 1055 3300 IX.
1082 3238 1127 3299 3.“
1154 3271 1193 3282 -
1218 3231 1293 3313 Qua

186 3318 360 3384 claudendi
393 3320 518 3386 ratione
550 3336 684 3387 voretur
716 3321 901 3401 Weiskius,
935 3328 972 3387 ut
1004 3321 1074 3386 loco
1107 3321 1187 3385 setis
1221 3316 1295 3384 suh

166 3405 328 3471 veniatur.
362 3404 497 3470 Nullam
516 3409 657 3490 figuram
674 3407 706 3472 h.
726 3406 745 3472 l.
770 3428 850 3487 esse,
873 3407 931 3473 sed
953 3408 1171 3474 neeessariam
1192 3404 1293 3471 fuisse
1380 3405 1388 3417 '

166 3490 260 3559 verbi
292 3490 526 3575 repetitionem,
561 3514 638 3557 uam
670 3494 790 3560 omisso
823 3493 879 3558 illo
911 3493 1069 3560 vocabulo
1099 3492 1293 3557 sententiam

166 3576 352 3661 ambiguam
384 3579 529 3643 futuram
561 3578 661 3647 fuisse
690 3588 723 3645 et
751 3578 931 3659 obscuram,
964 3581 1073 3645 miuus
1103 3585 1190 3644 certe
1218 3596 1293 3661 per·

166 3663 322 3746 spicuam,
367 3663 465 3745 Quod
488 3665 684 3749 negaverim.
728 3664 848 3731 Omitti
875 3667 981 3748 putuit
1010 3665 1101 3732 salva
1130 3661 1294 3729 sententia

166 3748 268 3813 altero
290 3748 360 3814 loco
380 3748 584 3831 vocabulum,
613 3749 671 3817 sed
699 3752 853 3831 concede,
878 3748 920 3816 eo
948 3750 1071 3831 addito,
1102 3749 1293 3817 concinnius

166 3841 200 3899 et
222 3836 357 3919 gravius
379 3835 450 3900 fieri
473 3839 688 3905 enuntiatum.
733 3840 802 3904 Res
823 3846 933 3903 autem
955 3838 1002 3904 ita
1025 3845 1212 3922 comparata
1233 3841 1293 3913 est,

166 3929 205 3984 ut
225 3940 285 4004 pro
317 3943 376 3987 suo
406 3922 522 4006 cuique
551 3945 649 3989 seusu
671 3932 705 3990 et
737 3923 857 3990 iudicio
880 3924 920 3989 de
942 3946 981 3990 ea
1011 3925 1106 3990 hosat
1140 3929 1292 3989 statuere.

166 4005 280 4089 Neque
302 4016 413 4073 tamen
434 4016 565 4092 praeter
585 4010 755 4076 Faernum
778 4021 811 4077 et
833 4010 1001 4091 Wolfium,
1032 4010 1223 4094 prudentior
1244 4009 1294 4071 iu·
1391 4076 1393 4080 ,
1465 4002 1466 4023 ’

167 4090 240 4172 dex,
263 4094 432 4177 siquidem,
456 4096 566 4183 qualis
584 4096 628 4162 sit
645 4096 812 4165 Oieeronis
830 4120 910 4164 usus
927 4097 1056 4164 dicendi
1078 4097 1235 4182 cognorit,
1258 4095 1295 4159 in

166 4178 222 4255 illo
245 4181 401 4249 vocabulo
424 4183 622 4264 ,cautionis“
648 4184 845 4264 inhaerebit,
875 4195 912 4250 ut
940 4186 976 4249 in
1005 4185 1111 4251 forma
1137 4183 1176 4248 ab
1204 4182 1295 4248 illius

166 4267 401 4335 consuetudine
422 4267 538 4336 aliena
