2962 4836
714 272 879 341 ...13...

232 449 333 526 verba⁴
356 447 500 516 Wolfius
537 450 584 516 ita
612 450 719 515 vortit.
772 446 882 530 „Quid
910 445 1037 526 obstat,
1067 446 1241 531 quominus
1269 430 1361 515 Oica·

232 558 345 602 renem
374 544 466 602 tanto
493 534 666 602 intervallo
694 534 864 599 audiamus
889 532 1072 598 dicentem?
1130 532 1202 598 Iam
1232 532 1359 617 pridem

232 622 325 689 uobis
354 635 479 689 certum
508 630 573 701 est,
606 622 778 706 Ligarium
808 619 991 703 improbum
1026 640 1115 700 csse¹
1132 626 1165 684 et
1200 619 1359 687 hostem.“

232 710 285 774 Ex
321 709 379 774 illa
409 707 550 774 formula
585 708 688 792 igitur
717 705 791 786 „daal
819 707 948 792 χρόνου“
979 704 1073 771 facile
1102 704 1242 790 intelligi
1268 726 1360 788 posse

232 803 351 874 censet,
372 795 463 859 illam
482 795 661 879 gratiarum
675 794 837 859 actionem
855 814 874 857 a
895 790 1032 858 Caesare
1050 792 1120 875 ipso
1135 813 1201 857 non
1212 791 1359 857 habitam

231 902 302 947 csse
325 881 515 946 orationem.
539 917 582 926 -—
604 879 764 958 Concedo,
788 879 867 944 satis
889 878 1085 961 locupletem
1108 887 1225 944 testem
1248 878 1360 961 appel·

225 967 294 1031 'lari
316 988 411 1050 posse
427 966 653 1045 Plutarchum,
676 985 735 1030 nco
754 964 956 1049 negaverim,
978 985 1055 1028 eum
1072 962 1133 1030 hcc
1150 963 1221 1031 loco
1244 985 1359 1030 verum

232 1052 422 1136 prodidisse,
445 1073 641 1136 quamquam
665 1053 734 1134 ipse
756 1052 855 1117 verbo
886 1056 1050 1132 „temam
1080 1050 1165 1134 quod
1193 1050 1228 1115 in
1253 1051 1360 1116 fronte

231 1139 319 1203 illius
341 1138 605 1205 narratiunculae
628 1140 743 1222 posuit,
766 1137 898 1217 indicat,
922 1158 957 1202 se
975 1157 1041 1200 non
1059 1157 1129 1202 rem
1152 1136 1358 1220 exploratam

232 1223 286 1290 vel
308 1224 370 1290 sibi
392 1225 472 1289 satis
495 1235 693 1308 compertam
723 1224 879 1307 proferre,
909 1223 966 1288 sed
991 1221 1091 1306 vulgo
1118 1221 1274 1288 creditam
1304 1223 1359 1287 vel

233 1319 408 1390 narratam,
431 1318 541 1377 tamen
565 1334 605 1376 ex
627 1310 693 1376 illis
712 1310 821 1376 verbis
840 1310 904 1374 tale
923 1308 999 1392 quid
1018 1309 1127 1392 aliqua
1149 1331 1224 1374 cum
1242 1308 1359 1391 proba·

232 1395 356 1461 bilitate
385 1397 493 1481 colligi
522 1418 632 1480 posse,
663 1396 922 1480 pernegaverim.
979 1395 1075 1475 Nam,
1104 1403 1142 1460 ut
1168 1395 1358 1479 largiamur,

230 1493 317 1547 recte
335 1484 585 1566 interpretatum
608 1505 679 1549 esse
700 1480 862 1548 Wolfium
884 1482 941 1546 illa
963 1481 1068 1563 verba
1084 1479 1135 1544 aa
1159 1481 1267 1567 χρόνον
1286 1480 1357 1545 his:

229 1588 370 1653 „magno
390 1570 546 1654 temporis
571 1571 676 1653 spatio
694 1569 886 1635 interiecto“
909 1568 1139 1652 explicantem,
1166 1576 1275 1632 mmen
1301 1565 1358 1633 ille

228 1653 318 1719 locus
346 1677 414 1720 non
449 1655 603 1739 impedit,
633 1656 715 1738 quin
750 1654 997 1719 Marcellianum
1032 1653 1155 1736 aliquot
1190 1653 1357 1719 mensibus

229 1750 328 1806 antea
360 1741 507 1807 habitam
541 1762 611 1807 esse
649 1750 818 1823 putemus,
849 1738 1023 1804 dummodo
1057 1739 1191 1806 verbum
1225 1744 1369 1820 ‚,ttyra“.

228 1835 316 1892 recto
338 1829 544 1910 accipiamus.
589 1826 682 1890 Idem
710 1826 798 1890 enim
826 1825 894 1890 fere
916 1825 1012 1904 valet,
1042 1845 1080 1890 ac
1106 1824 1223 1904 ,verba
1252 1826 1357 1892 facere

228 1912 265 1975 in
299 1913 406 1992 foro;“
439 1913 563 1978 scilicet
591 1933 649 1977 sex
681 1912 749 1976 fere
783 1933 885 1977 annos
918 1911 1034 1978 Cicero
1068 1911 1191 1982 nullam
1224 1931 1356 1977 causam

228 1995 356 2079 publice
379 2007 493 2082 egerat
514 2019 575 2064 nec
596 2019 795 2081 quemquam
817 1999 852 2062 in
870 1999 939 2063 foro
962 1996 1160 2063 defenderat.
1182 1996 1355 2081 ——Itaque

229 2082 321 2148 salva
343 2085 480 2150 veritate
503 2083 635 2164 Caesar,
663 2083 751 2150 illius
772 2084 993 2151 oratiunculae
1019 2084 1056 2148 in
1078 2092 1194 2150 senatu
1222 2083 1355 2150 habitae

227 2170 354 2233 ratione
372 2191 435 2234 non
461 2170 580 2247 habita,
603 2171 660 2235 illa
682 2171 790 2236 dicere
811 2172 926 2253 potuit.
948 2207 984 2217 -
1005 2168 1072 2236 Sed
1095 2191 1168 2236 eam
1189 2170 1355 2236 notionem

228 2253 264 2318 in
286 2256 351 2321 illis
373 2256 484 2322 verbis
506 2255 580 2337 „dud
602 2257 733 2342 χράνου“
753 2256 886 2320 omnino
911 2277 976 2320 non
999 2256 1115 2335 inesse,
1138 2270 1236 2339 quam
1259 2255 1353 2320 Wol-

229 2342 291 2406 fius
313 2342 420 2407 inesse
442 2342 554 2422 voluit,
577 2343 748 2407 Wormius
770 2364 801 2425 p.
826 2345 875 2421 22,
898 2340 1073 2407 Weiskius
1099 2362 1130 2424 p.
1167 2347 1206 2406 49
1235 2342 1355 2408 Passe-

228 2428 303 2492 vius
326 2449 357 2511 p.
382 2433 443 2492 275
466 2429 522 2493 alii
552 2429 709 2495 evincunt
740 2437 774 2494 st
800 2428 977 2493 formulam
1012 2435 1109 2511 „post
1138 2428 1238 2494 breve
1271 2437 1355 2495 tcm-

224 2520 307 2594 pus“
342 2514 393 2578 vel
431 2516 608 2597 ,temporis
649 2515 756 2598 spatio
794 2514 903 2599 aliquo
935 2514 1129 2581 interiecto“
1167 2513 1354 2598 significare

227 2599 439 2684 comprobant
462 2600 631 2685 exemplis.
688 2600 898 2684 Quamquam
932 2600 1046 2666 eodem
1079 2598 1174 2665 modo
1211 2600 1355 2682 explicat

226 2681 366 2750 Iacobus
387 2686 443 2750 illa
461 2687 569 2767 verba,
593 2707 630 2754 ao
644 2687 798 2766 Wolfius,
822 2696 932 2753 tamen
951 2685 1042 2752 addit
1054 2686 1136 2753 haee
1157 2707 1189 2770 p.
1212 2691 1246 2751 9:
1270 2686 1353 2765 „Ille

225 2769 316 2836 locus
340 2771 512 2838 Plutarchi
534 2773 624 2838 nullo
657 2772 753 2838 modo
785 2774 966 2839 orationem
1000 2783 1184 2856 suspectam
1217 2771 1353 2837 reddere

225 2865 340 2938 potest.
399 2859 485 2924 Nam
516 2882 591 2926 cum
625 2861 761 2925 florente
791 2860 959 2942 republica
985 2881 1126 2944 magnus
1152 2857 1210 2923 ille
1243 2868 1353 2922 orator

227 2942 371 3021 quotidie
393 2946 460 3010 fere
482 2946 634 3023 incuria,
657 2944 736 3022 foro,
760 2946 888 3011 iudiciis
908 2954 995 3010 esset
1016 2955 1176 3022 vorsatus,
1200 2951 1277 3008 tunc
1294 2963 1352 3009 au·

229 3034 294 3089 tem
316 3027 405 3092 inter
427 3031 527 3094 verba
545 3030 584 3095 de
607 3031 765 3095 Marcello
788 3032 872 3095 lacta
898 3039 932 3094 et
953 3050 1012 3113 pro
1041 3030 1176 3113 Ligario
1204 3028 1352 3095 facienda

226 3112 408 3194 complures
430 3134 559 3181 menses
588 3116 816 3181 defluxissent:
847 3115 909 3179 hoe
941 3115 1154 3180 intervallum
1176 3112 1351 3198 (siquidem

225 3196 344 3262 licebat
369 3198 475 3264 dicore
504 3201 542 3265 ef.
566 3201 677 3266 famm.
699 3200 759 3264 IV.
783 3208 803 3264 4
825 3208 859 3265 et
886 3201 948 3265 IX.
979 3203 1035 3286 20)
1068 3201 1121 3267 cui
1148 3222 1216 3265 non
1244 3198 1350 3266 videri

225 3282 358 3366 longum
393 3283 524 3351 debuit?
582 3289 690 3369 Atque
728 3286 793 3350 ista
825 3295 1003 3352 narrantur
1036 3286 1077 3352 de
1110 3287 1265 3365 Caesare,
1294 3287 1351 3370 qui

225 3370 368 3434 maxime
396 3371 525 3438 volebat
553 3393 626 3437 eam
656 3372 889 3456 rempublicam
919 3372 1028 3456 putari
1056 3375 1180 3452 (samm.
1210 3372 1270 3438 IV.
1314 3373 1350 3453 4)

225 3475 330 3537 neque
352 3456 424 3521 ideo
446 3459 621 3542 quidquam
650 3458 771 3524 habere
793 3461 979 3543 exoptatius
1008 3467 1145 3543 poterat,
1174 3479 1271 3542 quam
1294 3459 1350 3525 ci-

225 3561 383 3621 ceronem,
403 3553 437 3607 et
454 3555 615 3611 oratorem
633 3547 949 3628 praestantissimum
973 3553 1006 3610 ct
1027 3547 1133 3612 civem
1154 3546 1349 3612 auctoritate

225 3629 466 3710 gravissimum,
489 3632 733 3715 musagorem,
756 3640 795 3695 ut
812 3631 962 3697 omnibus
985 3632 1075 3696 illam
1105 3652 1176 3698 esse
1206 3632 1349 3714 aliquam

223 3714 433 3795 persuaderet
467 3715 552 3800 (Att.
581 3717 692 3796 XIII,
726 3722 763 3781 10
791 3713 902 3781 famm.
933 3717 1012 3783 VII.
1054 3721 1118 3796 33).
1173 3718 1216 3783 m
1246 3718 1349 3802 igitur

223 3820 356 3880 prorsus
378 3823 511 3867 necesse
532 3804 603 3882 fuit,
627 3803 724 3868 huius
747 3804 811 3867 viri
833 3805 994 3869 mensium
1023 3805 1242 3890 complurium
1270 3805 1348 3869 taei-

223 3887 364 3952 turnitas
394 3903 472 3955 tunc
496 3888 661 3954 videretur
683 3890 885 3973 longissima,
916 3896 1013 3973 atque
1035 3892 1072 3970 is,
1103 3892 1231 3958 etiamsi
1255 3889 1347 3957 Oica·

223 3991 335 4036 ronam
374 3974 408 4037 in
437 3974 644 4040 restitutione
667 3975 815 4041 Marcelli
838 3975 1009 4041 audiverat
1042 3979 1121 4042 satis
1144 3977 1269 4059 copiose
1299 3975 1348 4040 di·

222 4066 357 4139 centem,
380 4059 418 4140 is,
442 4061 587 4144 iuquam,
610 4082 685 4126 eum
708 4060 877 4128 mensibus
906 4063 1129 4147 compluribus
1158 4069 1231 4145 post
1255 4061 1347 4127 audi-

222 4150 324 4222 turus,
361 4166 495 4229 prorsus
533 4169 664 4214 necesse
696 4149 757 4213 luit
792 4148 929 4214 diceret:
964 4158 996 4212 τί
1023 4149 1127 4211 κωλύει
1160 4145 1212 4210 διὰ
1243 4148 1347 4233 χρόνον

222 4230 387 4315 Κικέρωνος
410 4231 536 4298 οἰκοῦσαι
563 4238 724 4316 tqoaogf‘
782 4234 899 4317 Itaque
931 4235 1002 4301 sive
1034 4234 1119 4299 hanc
1149 4232 1346 4317 interpreta-
