2962 4836
611 221 777 286 ...48-

215 393 257 460 In
279 397 303 479 1.
327 395 377 459 22.
412 391 557 460 Wolfius
578 391 724 460 eiusdem
742 388 879 460 Patrioii
900 388 1094 457 sententium
1119 385 1259 472 amplae·

130 480 222 559 titur,
253 475 311 563 oui
337 479 390 546 his
419 479 530 546 verbis
557 476 752 547 venabulum
775 476 986 558 ,dumtaxatl
1010 497 1078 542 uon
1108 495 1167 540 suo
1189 474 1260 540 loeo

131 586 202 632 esse
223 566 436 649 eomprobare
458 565 581 631 studet:
613 565 714 649 ,Ego
742 564 859 647 inquit,
887 563 928 628 ab
950 563 1023 628 istis
1050 560 1256 642 ,dumtaxat“

131 653 359 719 communibus
385 652 538 733 perieulis
567 651 648 717 satis
675 649 890 716 metuendum
918 669 989 715 esse
1018 649 1140 714 sentio:
1172 646 1259 730 quid,

131 738 161 805 si
181 748 351 823 praeterea
373 737 505 803 aenedat
526 737 632 804 sealns
659 734 888 802 inimieorum?
933 735 1023 819 Ergo
1048 733 1256 812 „dumtaxat“
1350 773 1353 779 ·
1431 804 1432 813 χ

130 824 186 890 hie
207 824 294 890 valet
315 822 515 905 τούλάχιστον,
542 831 580 888 ut
601 844 660 906 pro
682 823 746 889 Dei
768 842 794 887 o.
818 821 844 886 Ι.
875 821 910 885 in
933 827 988 885 tuo
1011 819 1185 886 dumtaxat
1206 840 1261 902 pe·

132 909 243 976 rioulo.
287 909 402 975 Latini
430 908 463 974 id
494 910 574 974 alias
602 909 794 991 exprimunt
825 907 893 972 lore
919 924 979 990 per
1009 906 1135 972 saltem.
1180 905 1261 971 Dixi

132 1003 242 1061 autem
272 996 397 1075 ,fere“:
427 997 487 1061 vix
517 995 606 1063 enim
633 995 696 1061 hoo
723 995 793 1077 ipso
823 999 911 1060 reete
940 992 1147 1076 exprimitur,
1176 991 1262 1076 quod

133 1081 218 1148 volo.
257 1081 344 1147 Volo
365 1089 489 1160 autem,
519 1083 582 1148 isto
603 1081 777 1147 locutionis
798 1099 918 1163 genere
942 1100 1009 1145 non
1031 1078 1114 1144 illud
1136 1078 1261 1164 signifi·

133 1167 210 1247 eari,
234 1167 316 1232 nihil
338 1187 410 1233 esse
431 1166 580 1251 amplius,
607 1175 738 1249 praeter
760 1185 854 1233 easus
877 1166 965 1248 ipsos
986 1185 1177 1231 oommnnes
1199 1165 1261 1230 hu·

132 1274 256 1333 manos,
275 1252 362 1337 quod
380 1251 661 1319 extimescendum
679 1253 731 1332 sit,
754 1250 813 1318 sed
830 1252 939 1336 potius
961 1248 1056 1317 illud:
1080 1251 1116 1317 in
1133 1250 1262 1318 nasibus

131 1339 213 1424 ipsis
235 1339 389 1405 humanis
411 1338 490 1405 satis
511 1338 619 1405 inesse
641 1359 771 1406 oausam
795 1339 835 1404 ad
858 1339 1018 1419 timorem,
1040 1339 1168 1404 etiamsi
1189 1337 1263 1403 nul·

132 1426 185 1492 lus
207 1434 312 1491 terror
334 1423 467 1492 aooedat
488 1425 529 1491 ab
551 1424 719 1491 inimiois.“
764 1424 860 1507 Quod
882 1424 1046 1491 Patricius
1067 1424 1263 1504 alnoinatur,

133 1532 201 1577 non
222 1511 334 1590 muer,
358 1510 444 1595 quod
466 1519 577 1577 autem
599 1511 860 1578 eruditissimum
878 1511 987 1577 virum
1008 1531 1141 1577 suarum
1160 1532 1264 1596 nuga·

133 1618 208 1664 rum
240 1597 368 1664 invonit
401 1597 535 1676 soeium,
558 1598 637 1664 satis
670 1597 784 1663 mirari
817 1618 882 1662 non
914 1617 1054 1680 possum.
1099 1597 1264 1665 Patricius

133 1704 239 1768 neque
261 1684 363 1750 totius
383 1681 447 1750 looi
468 1684 666 1750 sententiam
688 1683 865 1767 perspexit,
896 1704 957 1750 neo
980 1682 1058 1767 quid
1080 1685 1142 1751 sibi
1164 1682 1264 1751 vellet

133 1769 190 1836 illa
211 1769 374 1853 particula
395 1769 569 1835 intellexit.
613 1770 821 1854 Exposuerat
848 1769 1118 1836 anteoedentibus
1140 1769 1264 1852 Oieero,

134 1855 259 1922 nullam
282 1877 353 1922 esse
378 1852 504 1922 timoris
531 1876 674 1923 eausam.
718 1856 804 1922 Nam
826 1876 868 1920 ex
890 1854 1098 1923 Caesarianis
1124 1855 1262 1923 insidias

134 1962 202 2008 non
224 1940 387 2007 timendas
413 1963 499 2021 esse,
530 1963 590 2008 neo
609 1940 714 2026 magis
735 1963 777 2007 ex
799 1941 1018 2024 Pompeianis,
1047 1943 1103 2025 qni
1132 1943 1262 2026 quidem

134 2035 354 2112 superessent,
383 2050 458 2095 eum
478 2027 514 2092 hi
536 2049 577 2092 ex
604 2028 745 2095 inimieis
770 2027 938 2095 benefieiis
960 2027 1112 2095 Caesaris
1134 2029 1263 2097 amieis·

135 2115 236 2180 simos
264 2114 334 2181 eius
362 2115 439 2181 laeti
467 2121 584 2180 essent.
629 2114 747 2197 Itaque
775 2135 850 2181 eum
872 2134 892 2177 a
913 2121 1031 2180 neutra
1055 2122 1148 2199 parte
1170 2113 1264 2200 quid·

135 2222 233 2285 quam
254 2201 392 2285 periculi
414 2200 610 2280 immineret,
640 2220 736 2266 oasus
759 2207 889 2266 tantum
912 2200 1076 2267 humanos
1098 2208 1131 2267 et
1159 2202 1264 2269 ineer-

136 2294 187 2353 tos
220 2286 421 2355 valetudinis
454 2298 591 2353 eventus
619 2285 878 2353 extimescendas
911 2307 991 2353 osse.
1043 2287 1153 2371 Igitur
1184 2287 1266 2354 illud

141 2371 350 2454 ,dumtaxat“
370 2393 438 2438 non
455 2372 605 2439 voeabuli
631 2373 783 2453 ,saltem“
810 2372 977 2439 notionem
998 2371 1105 2453 habet,
1128 2373 1186 2440 sed
1207 2396 1265 2458 pro

136 2459 298 2542 particula
317 2463 489 2539 ι»1111111111
508 2460 562 2524 vel
583 2457 844 2537 ,antummodo
870 2459 1013 2542 positum
1036 2467 1069 2525 et
1090 2460 1265 2528 vernaeulo

137 2565 286 2611 sermone
315 2566 374 2630 per
401 2550 502 2627 ,nur“
537 2543 730 2612 vertendum
761 2553 819 2612 est.
867 2545 993 2611 Eadem
1025 2545 1264 2631 significatione

136 2630 200 2697 hoe
222 2630 417 2697 vocabulum
439 2629 621 2697 adhibitum
644 2639 696 2698 est
714 2631 780 2698 Oie.
800 2631 841 2699 de
858 2631 941 2715 Rep.
964 2630 1010 2697 II.
1031 2636 1070 2696 32
1098 2632 1264 2715 ,eonsules

137 2723 332 2803 potestatem
360 2715 520 2783 haberent
547 2724 694 2802 tempore
723 2716 899 2784 dumtaxat
926 2724 1099 2784 annuam.“
1147 2719 1195 2785 Id.
1225 2719 1265 2785 de

138 2809 205 2869 nat.
228 2800 314 2869 deor.
338 2801 364 2868 Ι.
389 2806 440 2883 38,
465 2807 524 2868 107
550 2804 693 2888 „speeies
723 2802 896 2869 dumtaxat
924 2804 1062 2871 obicitur
1084 2804 1260 2890 quaedam‘

137 2887 216 2956 ibid.
240 2893 292 3039 {In
328 2892 387 2955 123
420 2888 631 2956 lineamentis
663 2889 838 2956 dumtaxat
870 2890 1027 2958 extremis
1060 2892 1099 2957 of.
1131 2891 1193 2958 Cie.
1224 2889 1265 2956 de

138 2982 218 3041 orat.
278 2979 457 3055 ,11111

223 3061 318 3143 Quae
345 3061 496 3147 exempla
524 3062 654 3144 doeent,
686 3062 769 3128 illud
803 3062 1008 3143 ,dumtaxat“
1035 3064 1067 3128 h.
1089 3062 1112 3129 l.
1141 3085 1182 3128 ox
1204 3084 1265 3129 usu

138 3146 306 3215 Oioeronis
328 3157 523 3233 usurpatum
544 3170 615 3216 esse
633 3170 738 3233 neque
755 3147 933 3233 quidquam
953 3149 991 3213 in
1013 3171 1050 3215 eo
1073 3169 1143 3216 esse
1162 3149 1265 3216 offen·

139 3232 248 3300 sionis.
293 3233 407 3318 Neque
433 3235 576 3302 Wolfius
607 3235 644 3300 in
676 3256 715 3301 eo
747 3235 950 3301 offensurum
983 3236 1083 3303 luisse
1114 3243 1204 3320 puto,
1236 3237 1267 3301 si

138 3341 235 3386 snum
257 3319 417 3386 iudieium
440 3319 556 3387 dueem
577 3322 678 3404 sequi,
701 3343 797 3405 quam
821 3322 946 3388 oratori
968 3322 1099 3406 iniquus
1120 3321 1265 3406 ineptam

138 3405 275 3472 Patrioii
296 3407 493 3473 sententiam
512 3407 665 3490 ampleeti
685 3407 861 3475 maluisset.

224 3493 300 3558 Non
322 3493 427 3578 magis
448 3494 615 3578 integrum
643 3493 784 3561 iudieem
807 3494 858 3561 vir
881 3493 996 3561 doetus
1018 3516 1052 3560 se
1074 3491 1209 3578 praebet
1229 3492 1267 3558 in

139 3579 163 3662 ξ.
194 3581 234 3643 25
267 3578 498 3662 percensenda.
554 3579 718 3646 Vitiosum
751 3580 945 3666 perstringit
978 3602 1083 3666 genus
1114 3579 1266 3663 loquendi

139 3663 225 3747 quod
247 3664 326 3729 insit
346 3665 383 3729 in
405 3665 532 3732 verbis:
566 3665 700 3746 „Credo
723 3666 780 3732 sed
808 3674 878 3732 tum
900 3667 934 3732 id
956 3666 1135 3733 audirem.“
1179 3666 1266 3732 Nam

142 3748 289 3830 ,oredo“,
318 3749 435 3834 inquit,
469 3773 529 3835 per
557 3774 592 3818 se
618 3753 717 3836 plana
746 3760 796 3818 est
826 3751 971 3834 „audi0“,
999 3754 1147 3838 ,probo“,
1173 3774 1265 3837 ,per-

139 3834 257 3901 suades
279 3835 393 3901 mihi.“
432 3836 529 3919 Quod
552 3860 626 3904 eum
649 3838 778 3918 dieitur,
802 3837 938 3924 adiungi
960 3840 1053 3906 nulla
1075 3839 1171 3906 debet
1192 3838 1267 3905 talis
1361 3871 1363 3874 ⁴
1451 3818 1452 3823 ἵ

139 3920 290 4004 eonditio,
319 3929 409 4002 ,tum
431 3923 464 3989 id
494 3922 662 3990 audirem“
693 3946 758 4008 qua
786 3924 971 3992 conditione
999 3927 1111 3993 statim
1140 3924 1267 3992 tollitur

139 4007 183 4089 id,
205 4007 291 4092 quod
310 4017 479 4093 aoeeptum
502 4017 535 4075 at
557 4011 732 4094 probatum
753 4018 832 4078 erat.
876 4012 945 4079 Ista
967 4014 1053 4080 onim
1076 4013 1123 4078 sio
1144 4011 1265 4077 intelli-

140 4093 249 4179 genda
265 4107 352 4174 sunt,
375 4097 468 4180 quasi
486 4094 588 4162 dieas:
613 4096 749 4177 ,Credo
772 4096 829 4164 sed
851 4098 885 4163 id
908 4098 1082 4179 eraderem,
1102 4099 1132 4164 si
1150 4119 1266 4164 verum

105 4254 110 4263 ‚
140 4191 234 4262 esset,
268 4181 353 4266 quod
381 4181 513 4249 videtur
540 4203 610 4249 esse
637 4183 774 4249 falsum:
807 4185 925 4269 igitur,
957 4185 1092 4264 ,Credo
1121 4185 1178 4251 sed
1200 4206 1276 4250 non-
