2962 4836
682 233 850 297 ...1ss-

75 420 81 433 ⁸
202 402 262 472 eod
293 402 393 470 eliam
423 402 537 473 mullis
573 405 780 488 persequitur
816 400 969 479 madias,
1010 400 1186 485 quaesibi
1218 400 1330 485 pareri

200 489 327 557 anear
347 488 584 574 nominabatur,
607 491 701 572 eique
723 486 920 572 persuadere
944 486 1069 565 eludet,
1099 488 1230 555 inanem
1258 507 1329 553 eene

202 576 297 640 illum
317 576 480 641 emerem.
524 575 623 658 Quod
641 574 834 642 Ciceronem
856 574 953 640 rebus
983 581 1016 638 et
1041 574 1241 655 temporibus
1263 572 1330 641 illie

203 669 403 727 nummolum
414 661 539 741 fecisse,
558 670 653 727 nemo
665 658 846 737 mirabitur,
864 659 944 725 areis
957 658 1204 725 declamatoriae
1219 666 1330 727 autem

203 746 399 830 magistrum
417 754 476 812 eol
497 749 637 812 enonem
657 744 792 812 eeeundi
814 744 868 809 uel
886 744 976 811 tertii
998 766 1027 827 p.
1051 743 1129 811 Ohr.
1153 766 1185 809 n.
1209 742 1330 811 eaenuli

203 830 284 897 haee
295 853 370 898 enm
381 831 543 897 dieenlem
554 832 699 908 finxisse,
712 850 809 896 neme
821 828 1011 911 prudentior
1027 829 1160 895 indere
1175 851 1210 899 ee
1227 829 1329 910 impe-

203 917 312 995 ambit,
336 925 372 982 nl
389 917 552 987 eoneerlnr.
597 917 723 1000 Itaque,
746 935 937 997 quoeunque
960 916 1131 993 vertimur,
1154 921 1331 984 oeeurrunt

204 1010 407 1087 argumente,
436 1004 553 1085 quibem
575 1002 756 1079 iubemur,
783 1001 964 1067 orationem
994 1000 1084 1067 illem
1114 1000 1263 1069 Ciceroni
1294 1009 1331 1067 ut

202 1108 264 1154 auo
286 1088 412 1153 meteri
434 1087 654 1155 vindicarent
675 1086 827 1153 eripuere.

288 1173 361 1239 Iam
382 1193 461 1240 vero
478 1175 659 1257 quaerimr,
682 1193 762 1238 num
780 1193 838 1254 per
855 1192 960 1255 genus
978 1170 1108 1239 dieendi
1129 1172 1234 1249 lineat,
1256 1191 1330 1239 eem

202 1279 261 1329 eno
282 1258 352 1325 loeo
374 1279 513 1326 seruere.
559 1258 645 1325 Nam
667 1258 695 1323 ai
717 1257 822 1322 multe
843 1257 1070 1340 reperiuntur,
1099 1279 1182 1340 quae
1203 1257 1245 1325 alr
1267 1279 1329 1325 neu

201 1342 334 1411 dieeudi
362 1351 395 1409 et
422 1343 659 1410 .eoneuelndine
688 1344 809 1411 enmmi
837 1343 978 1409 oratorie
1008 1344 1141 1426 propria
1165 1342 1245 1411 adeo
1274 1344 1329 1411 ab·

203 1429 368 1506 horreant,
401 1437 440 1494 ul
468 1429 510 1493 ab
537 1449 575 1494 eo
606 1429 692 1495 dieto
713 1429 771 1494 vix
800 1428 946 1510 putanda
976 1429 1042 1495 sint
1070 1437 1103 1493 et
1131 1449 1196 1494 nen
1225 1428 1330 1497 solem

203 1514 327 1599 aliquot
348 1513 409 1580 loei
431 1514 488 1580 aed
511 1520 581 1580 leta
602 1514 761 1581 sermonis
784 1514 867 1583 ratio
890 1512 930 1579 ab
951 1533 1000 1592 ea,
1025 1534 1089 1596 qua
1110 1515 1226 1581 florere
1247 1513 1331 1583 solet

203 1598 318 1666 Oieem
338 1607 411 1666 arte
433 1599 540 1667 alienu
562 1599 699 1666 dieenda
724 1599 806 1678 sint,
831 1597 889 1664 illa
911 1597 1099 1669 testimonia
1120 1607 1178 1667 aut
1199 1599 1257 1664 illa
1278 1618 1330 1667 ur-

203 1693 369 1768 gumenle,
399 1685 549 1768 quamvis
579 1684 646 1751 eine
674 1705 732 1767 per
754 1705 789 1751 ee
811 1683 1108 1767 magnipendens,
1132 1691 1242 1753 tamen
1262 1706 1331 1753 nen

204 1769 356 1837 suffieere
384 1770 527 1855 ingenue
556 1772 713 1837 eonfiteor
737 1769 781 1835 ad
811 1768 1115 1849 demonstrandum,
1145 1770 1330 1841 Mareellin-

203 1875 280 1922 nem
309 1864 397 1923 reete
423 1856 537 1922 referri
566 1857 601 1920 ‘m
628 1855 826 1939 reliquarum
853 1854 943 1925 illiue
972 1855 1157 1925 orationum
1185 1877 1329 1925 numere.

203 1938 265 2010 sie
287 1950 396 2007 entem
417 1941 591 2027 pleraeque
613 1948 723 2024 parles
743 1939 900 2023 orationie
922 1949 1090 2025 praeeunt
1111 1941 1168 2011 illa
1190 1942 1332 2013 oratorie

203 2025 341 2105 uirtute,
402 2049 446 2093 ua
482 2027 537 2095 ille
569 2026 699 2092 dioendi
731 2025 850 2093 artifex
883 2025 1023 2112 insignio
1056 2035 1122 2106 eet,
1162 2036 1196 2093 et
1228 2047 1332 2112 peuee

202 2111 299 2193 paule
322 2048 516 2180 inedlentiue
539 2111 635 2189 dieta,
655 2119 714 2177 aut
736 2131 774 2177 eu
796 2112 1013 2179 eoneinnieate
1035 2133 1145 2183 earere
1166 2111 1330 2190 videnlur,

203 2217 301 2279 quam
322 2197 358 2265 in
387 2197 459 2267 aliie
488 2196 691 2263 erationibus
721 2197 820 2281 vulgo
849 2197 1060 2276 admiramur,
1089 2219 1153 2267 nen
1180 2219 1252 2268 esee
1273 2219 1331 2269 ex*

203 2282 322 2362 intimo,
341 2302 402 2349 eur
421 2283 493 2353 inre
515 2304 554 2349 oa
576 2304 596 2349 a
618 2281 775 2349 Oieerone
796 2282 998 2353 abiudieeeur
1019 2290 1052 2351 et
1074 2282 1114 2351 eb
1135 2281 1200 2353 alio
1223 2284 1331 2355 neseio

204 2389 267 2450 quo
299 2370 466 2520 supposita
497 2389 568 2435 esee
601 2369 736 2435 dieelur.
792 2368 879 2437 Nem
911 2376 999 2438 eerte
1035 2366 1121 2439 idem
1148 2368 1257 2439 valere
1289 2367 1331 2437 de

205 2452 342 2523 orationi
366 2476 404 2521 ue
421 2475 544 2537 aequus
565 2453 665 2520 iudex
681 2452 847 2532 oenoedel,
871 2454 957 2537 quod
979 2454 1019 2523 de
1036 2453 1234 2525 earminibne
1252 2452 1332 2518 dieit

205 2537 363 2607 Herelius
392 2538 448 2617 (de
469 2540 540 2607 erne
569 2548 652 2622 poet.
675 2561 707 2605 v.
732 2543 791 2604 361
818 2548 930 2624 seqq.).

360 2691 483 2756 „Verum
500 2691 546 2759 ubi
564 2691 641 2763 plura
658 2694 746 2747 nitent
763 2693 791 2749 in
810 2693 935 2759 earmine,
953 2708 1008 2749 non
1026 2708 1076 2760 ego
1094 2695 1186 2762 paneis

359 2758 487 2812 Offendar
504 2761 623 2823 maenus,
641 2777 708 2830 ques
725 2767 774 2823 eut
791 2761 895 2815 inenrie
911 2759 982 2812 fudit

358 2829 414 2881 Aul
428 2828 547 2882 hnmana
564 2836 661 2898 parurn
679 2829 752 2882 eavit
769 2830 892 2881 napura‘·

292 2964 341 3033 Ae
359 2965 500 3047 prodente
518 2965 614 3048 plura
631 2966 740 3033 nitent
759 2965 795 3031 in
813 2964 875 3031 hae
896 2965 1050 3045 oratione,
1074 2966 1181 3048 etqui
1202 2965 1332 3050 integre
1378 2967 1382 2975 ’

206 3051 242 3121 ip
253 3070 292 3115 ee
303 3048 523 3132 percensenda
534 3051 639 3135 ulitur
656 3050 786 3129 iudieio‚
805 3069 865 3125 neo
881 3051 1100 3133 praeiudicare
1111 3051 1273 3134 opinione,
1296 3060 1333 3121 ut

207 3135 310 3223 aiunt,
330 3133 373 3201 ud
390 3156 461 3205 eem
485 3135 714 3219 perlegendam
732 3137 913 3214 emerserit,
936 3138 964 3205 ie
985 3159 1052 3207 non
1071 3138 1190 3220 poterit
1208 3158 1274 3209 non
1296 3137 1331 3207 iu

207 3241 275 3289 une
286 3241 414 3302 quaque
426 3221 547 3305 pagina
558 3229 657 3303 elque
666 3220 747 3289 adeo
758 3221 794 3285 in
805 3242 1001 3306 unaquaque
1015 3221 1148 3306 periodo
1162 3223 1332 3305 ingenium

207 3312 240 3371 el
256 3325 381 3375 morem
397 3304 565 3375 Oieerenie
582 3307 738 3389 reperire:
760 3314 795 3378 el
817 3308 845 3375 ei
862 3329 946 3389 quee
963 3309 1073 3372 minue
1091 3307 1257 3390 eleganter
1275 3314 1333 3377 aut
1446 3319 1448 3323 ’

207 3392 316 3461 minue
338 3391 494 3459 ooneinne
516 3390 602 3461 dieta
623 3393 848 3469 inueniuntur,
876 3393 956 3461 haee
978 3413 1044 3465 uou
1065 3402 1195 3474 praeter
1216 3394 1332 3476 proha.

206 3473 367 3543 bililetem
398 3476 530 3559 propriu
561 3476 718 3545 erationis
750 3476 877 3542 ratione
909 3476 1137 3547 defenduntur.
1193 3477 1332 3563 nempe

208 3560 295 3632 enim
314 3561 491 3631 tenendum
509 3570 568 3640 eet,
590 3560 627 3625 id
642 3561 727 3644 qued
749 3561 816 3627 iam
838 3582 939 3651 supro
955 3564 1193 3645 praetereundo
1210 3565 1331 3642 monui,

208 3644 401 3717 Oieeronem
422 3667 489 3717 non
511 3654 664 3730 paralum
687 3646 728 3713 ed
750 3647 922 3721 dieendum
945 3648 1128 3728 aeeeeeieee,
1158 3670 1227 3728 nee,
1248 3668 1332 3731 quae

208 3730 356 3803 dieturue
386 3739 481 3811 eruet,
516 3739 613 3805 antee
648 3731 860 3811 meditatum,
893 3732 950 3801 eed
979 3755 1020 3801 ex
1053 3744 1198 3817 tempore
1230 3730 1332 3808 uerbo

208 3815 322 3887 feninea
343 3822 377 3880 et
398 3825 437 3883 ut
458 3837 604 3900 quaeque
626 3819 735 3885 animo
757 3839 792 3885 se
814 3818 998 3898 obtulerint,
1020 3819 1067 3887 eie
1089 3840 1165 3893 enm
1185 3837 1330 3900 pronun·

209 3901 315 3973 tieeee.
356 3900 431 3983 Quo
459 3902 583 3971 foetum
609 3925 683 3971 esee
712 3903 892 3987 putandum
913 3912 979 3984 est,
1011 3911 1050 3973 ul
1078 3906 1202 3984 impetu
1230 3902 1331 3977 enimi

208 3987 374 4059 interdum
396 3988 551 4070 ebreplue
572 3995 605 4055 et
633 3988 742 4055 verbis
770 3997 803 4052 et
831 3989 978 4056 formulis
1008 3995 1162 4064 uteretur,
1193 3988 1332 4071 quaein

209 4070 281 4143 aliie
303 4071 504 4145 erationibus
527 4094 592 4149 non
614 4081 794 4141 eoeurrant.
827 4072 895 4143 Sed
918 4082 1045 4145 tentum
1064 4072 1164 4151 abest,
1187 4082 1224 4143 ut
1246 4071 1331 4151 hane

142 4200 149 4205 -
208 4156 249 4223 eb
283 4177 413 4231 eausam
443 4158 689 4233 Mareellianem
720 4160 760 4234 ab
789 4158 948 4233 Oieerone
981 4157 1229 4237 ehiudioendem
1261 4178 1332 4236 enee,
