2962 4836
741 230 911 294 -49-.-

264 399 375 483 credo;
398 401 516 481 Audio,
540 399 683 467 sednon
703 399 827 466 audio.“
853 437 895 449 -
917 401 989 468 Hoc
1008 405 1058 466 est
1076 399 1270 466 calumnis-ri
1287 401 1392 486 magle

265 488 465 572 scriptorem,
488 508 586 571 quam
609 496 696 552 recte
714 505 915 570 percensere,
939 508 1017 553 nam
1036 486 1125 552 aliud
1148 492 1198 552 est
1220 485 1389 568 ,credere“

264 574 352 641 aliud
377 575 539 653 ,audiret
583 573 732 638 Verbum
755 571 909 638 credendi
930 574 963 639 h.
987 574 1007 638 l.
1031 573 1098 639 fere
1120 572 1208 637 idem
1230 567 1394 659 significat

264 683 302 728 ac
323 684 410 741 „non
434 657 578 738 dubito“,
606 658 745 723 verbum
775 656 929 723 audiendi
958 665 1067 723 autem
1090 658 1157 726 vim
1179 657 1279 724 habet
1301 659 1393 725 verbi

262 744 552 897 Ἀξὶἒῗῧῖῗέέθι
586 743 1049 895 ’tiiinlitdi‘inuldaiii
1082 743 1391 897 bittit·

262 881 422 983 heredare
443 884 478 983 in
497 882 607 982 cnidio
624 915 772 983 habebat.
808 851 928 996 ¹Audio,
951 880 1037 982 dunc
1056 915 1136 982 dicis
1154 916 1286 1001 aliquid,
1306 916 1393 1001 qnod

263 1003 304 1068 ad
337 1026 406 1070 rem
440 1005 602 1088 pertineat
634 1004 672 1070 cl.
702 1002 769 1068 Oic.
793 1002 887 1067 Verr.
916 1001 961 1067 Π.
993 1004 1042 1082 59,
1074 1006 1146 1066 60.“
1169 1039 1210 1048 -
1233 1002 1392 1069 Similiter

263 1091 439 1157 Terentius
472 1091 506 1155 in
539 1089 701 1156 Eunucho
733 1087 778 1154 Π.
811 1092 839 1167 3,
874 1093 913 1151 77
947 1087 1084 1155 verbum
1117 1087 1198 1152 illud
1232 1087 1390 1154 adhibuit.

263 1174 323 1256 ,,Ρ.
347 1176 466 1260 Capias
489 1184 526 1241 tu
548 1174 636 1241 illius
658 1181 793 1240 vestem.
835 1172 871 1239 Ο.
895 1172 1052 1239 Vestem?
1076 1172 1154 1256 quid
1176 1179 1245 1239 tum
1267 1178 1390 1257 postea.

264 1259 302 1326 P.
324 1282 383 1346 pro
406 1262 461 1327 illo
484 1268 516 1328 te
539 1261 655 1328 ducam
678 1259 714 1325 0.
739 1258 869 1324 Audio“
891 1258 932 1324 ad
955 1278 1038 1342 quae
1061 1257 1227 1325 Donatus:
1257 1259 1310 1336 „id
1332 1268 1391 1340 est,

263 1345 402 1414 libenter
431 1349 493 1414 hoc
521 1347 657 1414 admitto
679 1355 712 1411 et
739 1346 939 1411 consentio.“
963 1384 1003 1392 —
1026 1345 1119 1410 Haec
1140 1345 1291 1427 exempla
1313 1348 1393 1411 satis

263 1453 334 1499 esse
361 1432 518 1502 videntur
545 1433 585 1498 ad
614 1430 915 1510 demonstrandum,
945 1451 1006 1496 nec
1033 1431 1156 1515 logicae
1185 1430 1305 1496 rationi
1332 1453 1392 1498 nec

263 1520 474 1586 concinnitati
503 1519 664 1584 sermonis
693 1517 825 1582 illorum
853 1517 1028 1583 verborum
1057 1517 1318 1584 coniunctionem
1341 1539 1391 1584 re·

262 1627 418 1689 pugnare.
471 1605 565 1672 Haec
598 1606 687 1670 enim
721 1604 861 1668 efficitur
894 1603 974 1669 satis
1012 1602 1188 1686 probabilis
1221 1604 1391 1669 sententia.

262 1691 359 1771 „Non
386 1690 518 1772 dubito,
550 1691 630 1774 quin
656 1690 704 1754 ita
731 1689 871 1768 sentias,
904 1688 963 1754 sed
991 1696 1063 1754 tum
1090 1695 1220 1754 tantum
1247 1688 1282 1753 id
1304 1709 1391 1754 com·

260 1776 436 1860 probarem
461 1785 493 1842 et
525 1778 597 1842 iure
622 1784 655 1841 te
684 1774 767 1840 illud
796 1774 903 1840 dicere
930 1774 1157 1855 concederem,
1187 1775 1216 1841 si
1244 1774 1304 1841 tibi
1332 1775 1392 1842 soli

262 1883 401 1928 viveres.

347 1946 459 2012 Etiam
482 1947 517 2011 in
539 1949 563 2030 ς.
584 1950 623 2010 26
646 1945 789 2012 Wolfius
810 1945 947 2025 invenit,
969 1966 1053 2029 quae
1075 1948 1259 2032 castigaret.
1298 1948 1391 2014 Duos

262 2032 405 2098 minutos
433 2054 559 2099 errores
593 2032 655 2098 sibi
683 2053 853 2099 occurrere
883 2031 960 2098 dicit
989 2031 1024 2096 in
1057 2034 1165 2117 priore
1195 2033 1393 2118 paragraphi

261 2125 355 2201 parte
367 2142 375 2198 ;
421 2119 543 2186 scilicet
584 2118 793 2185 scribendum
832 2118 935 2184 fuisse
973 2127 1084 2185 censet
1122 2136 1190 2185 non
1232 2120 1391 2204 „gloriam

261 2209 438 2290 magnam‘
459 2202 517 2271 sed
538 2212 665 2270 mutato
688 2204 861 2272 verborum
882 2203 997 2270 ordine
1019 2224 1194 2289 „magnam
1216 2206 1390 2292 gloriam“:

262 2310 360 2371 „nam
387 2295 556 2375 ‚‚parum“,
591 2290 691 2371 addit,
723 2291 857 2374 propius
890 2291 983 2375 iungi
1014 2291 1119 2374 poscit
1151 2292 1321 2373 adiectivo,
1353 2300 1391 2358 nt

261 2377 386 2456 ,‚satis“
418 2382 452 2443 et
482 2378 633 2458 „nimis“‚
666 2378 723 2460 qui
761 2379 914 2460 frequens
948 2382 981 2441 et
1013 2384 1166 2443 constans
1199 2400 1279 2444 usus
1310 2380 1392 2446 ectr

261 2459 367 2544 Quod,
395 2476 594 2547 quamquam
622 2470 708 2530 recte
736 2462 945 2529 observatum
968 2469 1027 2543 est,
1058 2467 1169 2529 tamen
1197 2485 1264 2530 nnn
1284 2466 1391 2550 magis

261 2556 375 2631 aptum
397 2556 456 2629 est,
486 2568 584 2632 quam
606 2548 671 2614 alia
693 2549 807 2627 multa,
844 2569 927 2632 quae
950 2548 1001 2615 vir
1029 2548 1144 2615 doctus
1171 2558 1283 2618 contra
1303 2551 1390 2617 hanc

261 2635 442 2700 orationem
466 2636 620 2719 protulit,
653 2636 694 2701 ad
716 2634 809 2701 nobis
838 2634 1117 2719 persuadendum,
1149 2640 1222 2702 e'am
1251 2637 1390 2703 Olaudio

261 2718 366 2799 fatuo,
399 2741 497 2804 qnam
531 2721 691 2790 Cicerone
724 2741 795 2788 esse
828 2720 1020 2806 digniorem.
1076 2722 1161 2788 Nam
1194 2722 1390 2790 vocabulum

261 2805 451 2888 „gloriam“,
473 2807 558 2890 quod
581 2830 641 2874 suo
664 2808 735 2875 loco
758 2827 828 2874 esse
850 2807 993 2873 Wolfius
1014 2815 1128 2893 negat,
1161 2809 1293 2875 omnino
1322 2828 1388 2876 non

261 2891 302 2956 ab
323 2893 480 2959 orationis
498 2901 629 2960 auctore
646 2896 827 2979 profectum
850 2913 930 2974 esse,
953 2892 1010 2959 sed
1032 2894 1073 2958 ab
1094 2893 1227 2961 homine
1249 2895 1389 2963 doctiore

260 2978 450 3057 posterioris
482 2982 638 3062 temporis
666 2980 867 3064 adscriptum
895 2978 947 3046 vel
974 2981 1009 3044 in
1038 2981 1214 3047 verborum
1239 2980 1388 3048 ordinem

260 3060 419 3127 insertum
439 3083 519 3141 osse,
545 3072 583 3129 ut
599 3070 752 3147 putemus
770 3065 990 3149 compluribus
1008 3067 1113 3133 causis
1136 3080 1387 3137 commovemur.

260 3145 311 3211 Ac
332 3147 477 3231 primum
506 3148 637 3232 quidem
668 3151 760 3217 deest
785 3151 820 3215 in
843 3150 1005 3217 codicibus
1028 3152 1062 3218 G
1084 3161 1116 3217 et
1136 3154 1183 3234 E,
1212 3174 1292 3237 quos
1320 3155 1387 3221 iam
1434 3229 1436 3233 y

260 3253 298 3297 su
322 3254 358 3298 ra
390 3234 480 3301 haud
519 3255 593 3301 raro
627 3239 788 3304 veriorem
821 3238 1018 3321 scripturum
1054 3259 1202 3306 servasse
1235 3239 1385 3308 vidimus.

260 3253 364 3399 Addo,
393 3320 481 3403 quod
509 3321 591 3388 illud
610 3324 815 3399 vocabulum,
836 3331 905 3388 tam
932 3325 1046 3407 paucis
1074 3325 1256 3393 interiectis
1280 3326 1387 3394 verbis

260 3406 432 3488 antecedit,
459 3413 496 3472 ut
518 3416 633 3491 sponte
654 3406 686 3475 h.
709 3409 731 3475 l.
754 3409 922 3490 audiatur3
952 3430 1013 3477 nec
1035 3418 1123 3478 certe
1151 3414 1297 3479 aumsset
1318 3420 1388 3479 ort·

258 3495 312 3554 tor
331 3511 369 3556 eo
390 3492 501 3560 addito
523 3495 705 3561 sententiae
727 3497 933 3581 gravitatem.
979 3496 1095 3581 Itaque
1116 3496 1196 3564 haec
1220 3498 1387 3567 Ciceronis

258 3590 329 3642 esse
351 3578 588 3670 contenderim:
613 3583 801 3661 „Parumne
822 3570 945 3667 igitur,‘
959 3583 1086 3667 inquies
1108 3598 1262 3675 magnam
1285 3587 1385 3652 relin'-

257 3669 426 3746 qnemus“,
448 3686 512 3748 que
534 3674 666 3752 recepta
692 3669 854 3752 scriptura
881 3669 992 3735 nullus
1020 3669 1087 3736 iam
1110 3671 1174 3737 erit
1194 3672 1384 3740 offensionis

256 3742 356 3815 locus.
378 3785 423 3798 —-
442 3750 512 3816 Nec
539 3753 650 3821 minus
679 3754 878 3821 confidenter
905 3756 1102 3822 vocabulum
1129 3759 1269 3838 ,‚cives“,
1299 3759 1385 3845 quod

255 3832 291 3898 in
323 3836 490 3903 nonnullis
522 3837 615 3906 libris
647 3842 878 3925 manuscriptis
912 3841 1100 3923 exhibetur,
1140 3844 1384 3930 interpolatoris

255 3922 407 3990 manibus
425 3921 536 3990 deberi
558 3926 638 4007 dico,
660 3940 859 4012 quamquam
876 3926 1027 4010 Wolfins,
1051 3937 1087 3994 ut
1109 3951 1227 3999 novam
1250 3930 1385 3998 haberet

254 4009 517 4092 reprehendendi
544 4028 667 4093 ansam,
702 4012 902 4082 serrandum
932 4032 1002 4082 esse
1030 4017 1168 4098 censuit,
1202 4016 1265 4085 hec
1287 4038 1383 4086 causa

255 4114 349 4161 usus:
379 4086 657 4177 „Restituendum
678 4109 758 4185 puto
785 4098 868 4166 illud
889 4103 1020 4183 „civec“
1041 4108 1116 4189 post
1136 4104 1257 4184 „snos“
1279 4127 1321 4171 ne
1344 4104 1384 4169 de

255 4178 379 4246 familia
406 4184 573 4269 cuiusque,
601 4186 641 4253 de
668 4202 780 4269 uxore,
810 4186 932 4270 liberis,
960 4191 1084 4256 mentio
1110 4191 1196 4257 lecta
1222 4188 1381 4275 videatur,

307 4282 415 4341 chne,
432 4289 567 4332 Dissertatio.
1158 4292 1176 4346 4
