2962 4836
678 213 847 293 *25*

195 379 339 447 meinem
370 379 458 446 alten
480 380 787 466 Wirkungslxreise'
808 381 960 448 befindeu
990 382 1113 448 sollte.“
1160 382 1221 449 Ad‘
1240 404 1324 465 quae

195 466 382 532 Wormius:
409 467 551 545 „Locum
573 467 630 533 1116
652 469 699 534 113
720 471 814 553 cepit,
838 491 876 535 36
898 470 926 534 61
949 469 1106 552 scriptum
1128 478 1230 535 esset:
1254 470 1323 533 3111-

196 574 288 617 mum
318 551 473 617 inducere
500 574 564 618 non
593 555 701 636 potui,
733 565 771 620 ut
800 553 983 634 crederem;
1016 554 1102 637 quod
1130 553 1261 637 quidem
1283 555 1323 619 ab

47 676 54 689 —
144 654 147 657 ·
196 659 260 703 usu
280 637 434 721 loquendi
455 657 520 702 non
544 639 698 705 abhorret
718 648 751 705 et
775 640 978 710 commodum
1001 640 1134 722 praebet
1161 646 1321 706 sensum.“

196 725 312 806 Neque
334 733 443 789 tamen
466 722 739 791 dissimulandum
761 734 817 803 est,
842 727 897 791 vix
915 727 977 792 hae
995 726 1122 791 ratione
1144 725 1250 792 locum
1269 725 1324 791 de·

197 809 286 875 feudi
308 830 409 892 posse.
455 807 579 874 Dubito
601 812 699 888 6111111,
730 833 773 877 36
796 811 915 875 similia
937 810 1087 894 exempla
1108 811 1324 894 reperiantur,

197 895 313 978 quibus
335 895 472 960 verbum
494 894 576 959 illud
599 917 669 961 eam
694 897 965 980 significationem
987 897 1116 975 habeat,
1144 917 1242 978 quam
1265 896 1326 962 hoc

197 981 268 1046 loco
296 982 330 1045 in
355 999 393 1044 eo
418 981 524 1045 inesse
552 981 722 1048 Wormius
751 995 870 1049 censet.
920 985 1029 1064 Atque
1050 979 1222 1048 Weiskius
1251 1003 1324 1047 cum

199 1066 287 1143 dicit,
321 1087 420 1131 sensu
449 1065 529 1148 ipso,
563 1089 628 1132 non
655 1067 743 1150 clara
770 1068 966 1152 cogitatione
994 1066 1186 1133 0166166661
1216 1088 1325 1149 perce·

199 1152 295 1235 pisse,
328 1151 386 1215 illa
418 1153 581 1217 sententia
610 1153 734 1219 adiecta
768 1153 1012 1218 concinniorem
1040 1153 1113 1218 fieri
1145 1152 1325 1235 periodum,

199 1236 436 1321 quodammodo
466 1238 639 1303 confitetur
661 1240 769 1304 inesse
792 1238 915 1321 aliquid
944 1239 978 1303 in
1008 1238 1064 1302 illo
1092 1237 1172 1315 loco,
1205 1239 1326 1320 inquo

198 1323 270 1405 quis
292 1321 428 1388 haerere
450 1323 560 1405 possit.
607 1328 656 1389 Ac
677 1325 821 1409 profecto
843 1326 890 1389 ita
915 1332 974 1391 est.
1019 1322 1141 1389 Orator
1159 1324 1246 1389 enim
1269 1323 1324 1388 ad-

199 1409 307 1473 iunxit
329 1408 429 1474 verba
454 1430 533 1485 „nec
553 1409 603 1474 fas
625 1431 695 1475 esse
718 1409 895 1476 ducebam*
920 1412 976 1489 eis,
1006 1429 1090 1492 quoe
1120 1407 1326 1489 antecedunt,

199 1514 273 1558 cum
307 1500 418 1559 essent
450 1494 678 1577 subiungenda
706 1496 761 1575 ita,
795 1509 832 1561 ut
864 1495 946 1561 11366
974 1493 1126 1579 periodus
1155 1495 1325 1560 existeret:

202 1601 281 1656 „nec
313 1579 395 1644 mihi
423 1577 620 1661 persuadere
652 1590 815 1663 poteram,
848 1583 897 1647 fas
931 1601 1017 1659 6666,
1053 1580 1177 1646 versari
1208 1600 1261 1645 me
1294 1588 1327 1645 et

200 1688 230 1749 q.
253 1671 348 1745 sec.“;
370 1666 440 1730 sive
462 1665 526 1730 duo
544 1666 601 1729 illa
619 1668 853 1732 enuntiationis
871 1666 1019 1732 membra
1039 1666 1087 1730 ita
1108 1665 1171 1732 sibi
1193 1687 1325 1749 respon·

200 1751 277 1817 dere
299 1749 413 1829 voluit,
437 1759 474 1815 111
491 1751 590 1816 etiam
611 1752 648 1817 in
671 1752 773 1818 altera
795 1762 896 1836 parte,
925 1753 1009 1818 sicut
1030 1752 1065 1815 in
1087 1753 1195 1834 priore
1220 1751 1326 1829 „dole-

199 1836 294 1902 bam“
320 1844 353 1901 et
377 1836 570 1920 „angebar‘⁴‚
595 1837 658 1903 duo
682 1848 791 1904 essent
814 1839 922 1915 verba,
947 1839 1016 1904 sive
1037 1837 1165 1919 impetu
1187 1838 1327 1902 oratorio

200 1921 353 1988 seductus
375 1923 485 1987 minus
507 1920 682 2007 diligenter
704 1923 829 2006 logicae
852 1925 941 2001 artis,
971 1932 1010 1988 ut
1033 1923 1079 1986 ita
1102 1923 1216 2001 dicam,
1238 1923 1327 2006 leges

200 2017 331 2075 secutus
353 2015 410 2073 661.
455 2007 577 2086 Audio,
608 2008 685 2091 quid
713 2009 774 2076 hoc
804 2009 875 2074 loeo
905 2010 958 2092 qui
986 2007 1103 2073 Wolfii
1131 2009 1327 2075 sententiam

200 2093 449 2176 amplectantur,
475 2093 594 2160 dicturi
622 2094 705 2173 sint;
734 2095 796 2161 hoc
818 2116 889 2161 6666
917 2097 953 2159 16
982 2116 1043 2159 663
1064 2114 1162 2160 causa
1182 2115 1328 2177 pronun·

200 2179 296 2246 61316.
340 2177 408 2244 Sed
440 2186 565 2257 errant,
599 2200 677 2244 uam
709 2178 798 2246 hunc
834 2202 960 2264 quoque
993 2181 1099 2246 locum
1127 2176 1328 2253 ¹documento

200 2285 271 2331 6666
294 2264 566 2344 confirmaverim,
592 2266 774 2331 orationem
801 2267 891 2332 illam
914 2286 982 2330 non
1008 2266 1043 2329 in
1066 2264 1196 2332 scholae
1221 2266 1328 2330 61163

200 2351 359 2434 magistro
380 2350 519 2433 quodam
538 2352 647 2417 omnia
670 2352 766 2416 anxie
784 2360 817 2416 et
838 2350 988 2436 religiose
1011 2349 1196 2433 expoliente
1217 2350 1328 2417 6111611-

200 2437 338 2514 111313111,
357 2436 415 2500 sed
426 2457 446 2499 a
457 2435 614 2503 Cicerone
632 2436 688 2502 1116
707 2437 760 2502 die
779 2437 925 2503 habitam
944 2445 976 2501 et
994 2436 1117 2501 eisdem
1134 2436 1202 2501 fere
1221 2436 1328 2502 verbis

201 2522 415 2605 conscriptam
438 2542 519 2587 esse.
673 2545 675 2550 ·

286 2606 359 2672 Iam
380 2628 460 2672 vero
489 2606 727 2673 transeundum
753 2617 803 2674 661
831 2608 870 2674 ad
901 2608 1046 2674 alteram.
1067 2608 1227 2674 enuntiati
1253 2628 1328 2690 par·

204 2700 280 2768 tem,
302 2714 397 2774 quam
419 2701 553 2776 propter
577 2693 781 2776 praeclarum
804 2693 980 2760 verborum
1003 2714 1175 2759 numerum
1198 2701 1232 2758 et
1255 2712 1328 2758 eam

203 2776 332 2844 dicendi
353 2779 488 2862 copiam,
518 2801 599 2861 quae
622 2779 674 2844 vel
697 2782 838 2846 maxims
860 2780 1052 2861 Ciceronem
1075 2786 1241 2845 auctorem
1259 2799 1328 2843 ora-

202 2863 301 2929 tionis
318 2864 514 2946 comprobat,
533 2864 728 2947 interpretes
741 2866 895 2931 admirari
907 2875 1155 2930 consueverunt
1185 2862 1328 2928 Wolfius

203 2957 310 3014 autem
336 2970 402 3014 non
427 2949 522 3015 modo
547 2949 631 3015 nihil
651 2953 731 3018 artis
749 2952 920 3017 Tullianae
948 2950 1003 3014 illo
1025 2950 1095 3014 loeo
1117 2949 1248 3032 reperit,
1272 2947 1329 3014 sed

204 3034 303 3100 etiem
328 3034 426 3100 verba
457 3036 570 3116 „quasi
597 3035 736 3118 quodum
760 3038 846 3103 socio
869 3044 901 3100 et
931 3035 1066 3102 comite“
1097 3035 1248 3099 inutilem
1271 3056 1328 3117 ap-

202 3120 373 3203 pendicem
412 3129 595 3204 nuncupat,
640 3123 782 3204 speeiem
821 3116 929 3187 vitiosi
968 3121 1107 3186 tumoris
1145 3119 1328 3185 habentem.

205 3204 313 3287 „Quid
346 3206 433 3271 euim
464 3214 515 3271 661
546 3206 644 3284 aliud,
677 3209 792 3291 inquit,
824 3207 1007 3273 studiorum
1041 3207 1197 3284 aemulus,
1231 3226 1330 3288 quam

203 3291 311 3357 socius
344 3297 378 3358 et
410 3291 540 3357 comes?
584 3292 670 3356 Nam
709 3295 737 3358 si
775 3293 859 3357 forte
898 3300 1010 3358 666161
1042 3293 1183 3358 scribere
1215 3291 1328 3370 voluit,

206 3377 342 3453 „comite
371 3398 486 3443 cursus
516 3398 574 3443 seu
600 3377 758 3459 itineris,“
789 3378 894 3443 omnis
921 3392 1058 3445 6666613
1086 3385 1200 3443 nostra
1229 3377 1330 3442 adea

204 3463 356 3544 pertinet,
379 3484 461 3544 quae
483 3463 613 3546 scripsit
635 3463 744 3541 homo,
774 3486 839 3529 non
861 3486 944 3546 quae
967 3463 1104 3529 fortasse
1128 3462 1230 3528 voluit
1252 3463 1329 3529 6611-

203 3547 309 3613 bere.“
355 3548 525 3627 Wormius
552 3548 660 3615 locum
688 3551 735 3615 ita
757 3551 843 3615 tueri
871 3557 1020 3628 conatur,
1048 3557 1086 3614 ut
1107 3547 1188 3614 11366
1205 3548 1329 3614 Wolfio

204 3642 360 3716 opponat:
394 3634 583 3711 „Differunt
605 3637 753 3701 aemulus
779 3643 811 3700 et
833 3655 950 3713 comes,
980 3641 1016 3699 ut
1041 3634 1235 3701 vocabulum
1258 3655 1331 3717 pro·

203 3721 312 3801 prium
340 3718 450 3784 differt
477 3719 684 3786 atranslato.
729 3720 872 3786 Videtur
892 3720 948 3784 W.
972 3720 1169 3797 existimare,
1197 3741 1267 3786 6666
1294 3719 1329 3783 16

207 3805 343 3881 „comite
373 3804 574 3871 studiorum“
605 3807 741 3871 nimiam
771 3807 862 3872 verbi
896 3804 1114 3870 transferendi
1144 3805 1330 3885 audaciam3

204 3889 244 3955 ‹le
278 3912 341 3973 quo
375 3891 445 3955 sine
479 3890 575 3956 dubio
609 3891 759 3958 Ciceroni
791 3891 885 3956 aliter
918 3891 1035 3970 visum,
1070 3891 1124 3972 qui
1160 3890 1330 3969 „comitem

202 3974 345 4054 honoris,
384 3976 588 4055 calamitatis,
629 3977 846 4060 periculorum
886 3978 1023 4041 furoris“
1064 3975 1328 4057 frequentaverit.

202 4063 330 4127 Vereor
351 4082 488 4146 quoque,
508 4082 549 4125 66
572 4072 679 4126 ectum
702 4063 745 4128 sit
767 4063 806 4127 de
825 4064 914 4127 omni
937 4062 1121 4145 eloquentia
1139 4061 1329 4145 praesertim
