2962 4836
636 221 859 321 *ffli-

213 395 314 478 quod,
344 393 617 478 quemadmodum
640 415 679 460 ea
707 416 760 459 res
789 399 957 477 ageretur,
988 391 1142 459 vidimus.
1185 393 1270 459 Nam
1293 391 1340 457 sie

212 482 263 546 fac
284 482 467 547 existimes:
491 488 564 565 post
585 478 645 545 has
667 480 817 545 miserias
835 529 895 546 ...
920 478 1001 544 nihil
1024 499 1096 544 esse
1118 490 1227 544 actum
1249 478 1339 543 aliud

212 585 285 631 cum
319 566 488 650 dignitate.
541 566 626 631 Nam
654 575 688 631 et
720 566 789 649 ipse
820 565 950 642 Caesar,
982 573 1133 632 accusata
1165 565 1340 630 acerbitate

211 653 358 721 Marcelli
382 654 444 727 (sie
466 654 552 718 enim
576 652 775 737 appellabat)
796 651 993 733 laudataque
1016 651 1341 717 honorificentissime

212 747 246 802 et
267 739 430 821 aequitate
458 746 517 803 tna
546 749 578 802 ct
607 738 796 821 prudentia,
826 747 960 821 repente
982 745 1111 819 praeter
1133 758 1224 820 spem
1248 737 1339 813 dixit,

212 846 246 890 se
269 825 413 902 senatui,
442 825 572 906 roganti
601 823 640 890 de
664 823 820 890 Marcello
843 846 884 889 ne
912 823 1053 888 hominis
1083 822 1214 905 quidem
1243 838 1342 888 causa

211 920 417 993 negaturum.
451 910 590 975 Fecerat
608 920 718 974 autem
736 910 798 975 hoc
820 917 953 974 senatus
976 918 1021 986 ut,
1044 930 1117 974 eum
1137 909 1207 974 aL.
1220 909 1341 974 Pisone

211 996 334 1061 mentio
358 1006 444 1061 esset
464 994 550 1060 facta
572 995 612 1060 de
634 996 800 1072 Marcello,
830 1007 959 1062 etcum
983 994 1020 1060 C.
1044 995 1220 1062 Marcellus
1243 1016 1277 1060 se
1300 992 1341 1059 ad

212 1081 364 1147 Caesaris
386 1079 483 1163 pedes
512 1082 691 1159 abiecisset,
721 1092 858 1148 cunctus
887 1089 1107 1165 consurgeret,
1138 1089 1172 1145 et
1194 1080 1235 1145 ad
1258 1079 1341 1145 Cae·

212 1188 318 1232 sarem
343 1168 481 1250 supplex
504 1168 680 1235 accederet.
725 1167 800 1232 Noli
822 1189 993 1250 quaerore:
1022 1168 1070 1232 ita
1092 1166 1175 1231 milri
1204 1166 1341 1249 pulcher

212 1251 266 1318 hic
288 1253 356 1317 dies
380 1254 469 1318 visus
491 1264 551 1331 est,
575 1263 610 1319 ut
632 1254 773 1336 speciem
796 1255 938 1337 aliquam
962 1253 1091 1319 viderer
1113 1252 1226 1317 videre
1248 1251 1341 1334 qnasi

213 1339 438 1405 reviviscentis
467 1339 675 1422 reipublicae.
719 1340 851 1423 Itaque,
883 1361 958 1406 cnm
980 1360 1094 1404 omnes
1115 1348 1191 1404 onte
1213 1358 1266 1402 me
1290 1359 1341 1403 ro·

213 1425 279 1507 gati
307 1426 429 1508 gratias
459 1424 595 1492 Caesari
620 1427 779 1509 egissent,
810 1435 940 1509 practer
971 1425 1155 1490 Volcatium
1183 1425 1225 1503 (is
1253 1423 1342 1489 enim

211 1510 258 1576 sio
279 1531 317 1575 eo
338 1510 407 1577 loeo
430 1512 564 1593 negavit
587 1534 621 1576 se
645 1513 804 1577 laetarum
827 1511 941 1590 fuisse)
969 1532 1030 1595 ego
1059 1523 1193 1594 rogatus
1215 1509 1341 1574 mutavi

211 1618 318 1661 meum
341 1595 524 1664 consilium.
569 1597 655 1663 Nam
684 1605 879 1676 statueram,
908 1620 973 1662 non
996 1596 1183 1662 meheroulo
1211 1595 1341 1673 inertia,

211 1682 266 1746 scd
300 1682 461 1748 desiderio
501 1683 659 1766 pristinae
691 1682 878 1765 dignitatis,
918 1685 950 1747 in
993 1693 1185 1768 perpetuum
1225 1684 1340 1746 lacere.

210 1768 327 1850 Fregit
355 1768 416 1835 hoc
443 1790 553 1833 meum
582 1767 754 1833 eonsilium
781 1778 814 1833 ot
843 1769 993 1834 Caesaris
1023 1767 1212 1854 magnitudo
1240 1767 1341 1832 animi

212 1867 244 1919 ct
277 1864 411 1918 senatus
444 1855 594 1919 officium.
650 1854 767 1937 Itaque
799 1854 948 1938 pluribus
981 1854 1090 1920 verbis
1123 1856 1174 1938 ogi
1208 1854 1343 1919 Caesari

213 1940 351 2022 gratias:
384 1959 502 2020 meque
531 1950 641 2004 metuo
667 1962 708 2005 ne
737 1941 834 2004 etiam
865 1942 898 2005 in
932 1943 1048 2007 ceteris
1079 1942 1175 2006 rebus
1204 1940 1342 2004 honesto

213 2024 280 2088 otio
301 2024 518 2107 privaverim,
548 2024 728 2108 quoderat
755 2048 857 2091 unum
888 2027 1042 2093 solatium
1065 2028 1098 2091 in
1123 2026 1227 2091 malis.
1273 2022 1341 2090 Sed

213 2118 332 2188 tamen,
363 2112 516 2194 quoniam
539 2112 639 2193 effugi
662 2114 732 2177 eius
754 2114 976 2190 offensionem,
1005 2114 1062 2195 qui
1090 2113 1228 2178 tortasse
1257 2112 1343 2175 arbi-

213 2205 358 2261 traretur
389 2217 443 2261 me
475 2196 559 2264 hanc
591 2198 828 2280 rempublicam
859 2218 923 2263 non
959 2210 1091 2282 putare,
1125 2199 1152 2262 si
1185 2207 1343 2281 perpetuo

214 2292 369 2347 tacerem:
400 2281 524 2348 modice
547 2283 609 2351 hoc
630 2283 745 2351 faciam
770 2284 947 2350 autetiam
970 2287 1058 2348 intra
1080 2283 1223 2361 modum,
1251 2292 1290 2347 ut
1311 2292 1343 2348 et

213 2365 302 2434 illius
328 2367 491 2434 voluntati
519 2378 553 2434 et
579 2370 661 2433 meis
687 2368 805 2436 studiis
832 2371 1004 2436 serviam.“
1052 2368 1149 2451 Qtrid,
1179 2368 1344 2434 nesciebat

213 2453 350 2520 fortasse
373 2454 424 2519 vir
445 2454 569 2532 doetus,
593 2476 668 2521 cum
691 2455 776 2522 hauc
798 2458 976 2521 orationem
1000 2456 1168 2522 Ciceronis
1190 2477 1261 2521 csse
1285 2477 1341 2520 ne·

213 2551 315 2621 garet,
345 2540 406 2606 hoo
434 2551 501 2605 tarn
523 2540 734 2606 manifestum
757 2551 888 2607 exstare
913 2544 1015 2624 ipsius
1037 2544 1174 2608 oratoris
1195 2542 1342 2607 testimo·

213 2624 327 2689 nium?
360 2625 467 2690 Immo
485 2626 567 2691 bene
589 2627 711 2693 sciebat
734 2638 767 2692 et
789 2628 993 2711 intelligebat
1014 2630 1090 2706 lore,
1114 2637 1161 2705 ut,
1184 2628 1240 2709 qui
1262 2648 1342 2692 suaa

212 2712 393 2776 sententiae
415 2714 596 2778 existerent
616 2713 797 2778 adversarii
826 2714 861 2778 in
887 2714 1088 2779 defendenda
1112 2715 1220 2797 priore
1247 2713 1343 2778 laude

212 2795 301 2862 illius
335 2796 435 2863 libelli
468 2797 566 2863 huius
594 2798 657 2864 loci
687 2800 880 2865 avrctoritatu
908 2802 1111 2882 potissimum
1146 2799 1340 2864 niterentur.

212 2882 326 2964 Itaque
349 2883 531 2950 cavendum
555 2904 626 2950 esse
649 2885 742 2961 dixit,
766 2907 806 2950 ne
829 2887 901 2967 quis
920 2886 993 2967 plus
1010 2887 1095 2950 iusto
1114 2884 1161 2949 illi
1184 2884 1342 2968 epistolae

212 2968 384 3044 tribueret,
419 2971 630 3050 nequeenim
655 2992 728 3034 eam
757 2972 802 3034 ita
831 2979 1049 3052 comparatam
1072 2991 1158 3043 esse,
1192 2980 1229 3033 ut
1249 2968 1341 3051 quid·

212 3072 309 3132 quam
333 3053 499 3134 probaret,
529 3076 603 3119 oum
632 3056 666 3119 in
694 3077 734 3117 ea
761 3068 885 3132 essent,
915 3077 998 3136 quae
1020 3077 1080 3121 nec
1103 3075 1175 3119 cum
1199 3055 1342 3120 moribus

213 3135 300 3201 illius
333 3138 463 3215 aetatis,
499 3159 558 3204 nec
591 3159 663 3203 cum
699 3140 884 3206 testimonio
917 3141 1086 3206 Plutarchi
1120 3141 1341 3206 convenirent.

212 3222 276 3300 En,
317 3242 401 3305 quac
434 3225 590 3288 orationis
623 3224 847 3290 defensoribus
880 3227 1027 3309 opponit:
1072 3227 1192 3303 „Mori‚
1226 3226 1341 3308 inquit,

213 3315 259 3390 (p.
283 3308 339 3392 26)
368 3317 402 3373 et
430 3310 613 3392 elegantiae
644 3311 733 3375 illius
762 3312 879 3377 aetatis
908 3313 1108 3378 contrarium
1131 3322 1210 3389 crat,
1234 3312 1343 3379 verbis

212 3393 362 3475 pluribus
384 3397 433 3461 uti
463 3397 602 3478 aliquem
632 3398 666 3461 in
696 3400 877 3480 gratiarum
901 3399 1038 3478 actione,
1069 3420 1166 3481 quam
1197 3400 1268 3481 ipsa
1290 3422 1343 3465 res

212 3479 403 3561 postularet,
426 3482 458 3545 id
481 3494 541 3560 est,
564 3494 602 3548 ut
619 3483 735 3549 Cicero
753 3483 860 3549 dicere
882 3484 971 3561 solet,
991 3485 1210 3568 amplissimis,
1233 3485 1342 3570 siugu-

212 3565 345 3639 laribus,
375 3585 434 3631 seu
456 3567 604 3650 pluribus
626 3591 722 3651 quatu
751 3570 871 3635 laetum
895 3582 980 3635 esset
1002 3592 1020 3634 a
1043 3572 1160 3636 ceteris
1182 3572 1341 3636 senatori·

211 3650 282 3717 bns.
323 3652 434 3716 Tertio
456 3663 512 3718 aut
533 3664 648 3735 quarto
671 3666 743 3738 post
766 3654 935 3720 Christum
958 3656 1096 3735 saeculo,
1119 3659 1235 3739 quibus
1258 3666 1341 3722 tem-

212 3736 346 3818 poribus
375 3738 557 3804 Eumenius
585 3749 619 3804 et
645 3740 843 3824 Panegyrici
874 3742 985 3806 Latini
1015 3744 1186 3819 vixerunt,
1219 3745 1254 3807 in
1285 3742 1341 3806 tali

212 3823 281 3888 luco
303 3834 337 3886 et
359 3831 504 3906 tempore
525 3826 679 3891 convenit
700 3827 919 3905 instauratio,
943 3849 1007 3893 nou
1032 3827 1274 3895 Ciceroniano.“

210 3938 212 3941 ·
298 3907 389 3989 Quid
412 3908 473 3976 hoc
495 3911 659 3993 posterius
681 3912 742 3978 sibi
764 3912 854 3991 velit,
876 3935 930 3978 me
953 3935 1017 3979 uon
1036 3916 1176 3997 assequi,
1197 3915 1341 3997 ingenue

212 3995 377 4059 confiteor.
438 3998 492 4060 An
525 3998 654 4063 censuit
681 3998 733 4064 vir
763 3996 892 4077 doetus,
924 4000 991 4067 illis
1024 4001 1226 4084 temporibus
1254 3999 1341 4066 hanc

212 4079 394 4146 orationem
423 4103 443 4147 a
471 4082 670 4168 panegyrico
699 4084 807 4166 aliquo
834 4087 1044 4168 compositam
1077 4084 1170 4151 asse?
1225 4085 1341 4168 Neque

213 4173 323 4232 tamen
355 4167 462 4252 potnit
493 4169 587 4235 salva
613 4169 739 4236 ratione
775 4170 838 4237 hoo
863 4179 996 4254 putare,
1026 4190 1102 4238 cum
1119 4171 1240 4250 sciret,
1274 4171 1342 4243 iam
