2962 4836
610 202 780 271 ...30-

129 376 172 444 ad
192 378 349 445 virtutem
371 376 528 444 orationis
557 379 766 463 frequentare
796 374 912 456 solent,
945 374 1071 461 figuris,
1105 395 1258 461 prosopo-

129 464 222 550 poeia
243 463 335 531 nulla
357 469 409 530 est
430 462 592 533 audacior.
637 463 690 530 Ex
710 461 880 530 affectibus
902 462 1054 546 profecta,
1079 482 1121 528 ex
1142 461 1259 529 iisdem

128 552 199 618 vim
228 572 322 619 suam
352 557 385 616 et
414 551 660 618 exeusationem
683 548 790 615 habet.
844 547 1129 629 Quemadmodum
1160 549 1258 617 affec·

128 646 223 704 tuum
256 637 350 704 varia
377 644 513 703 suntet
544 637 674 702 infinita
707 642 881 714 momenta,
913 634 959 699 ita
992 635 1175 700 animorum
1209 634 1259 700 illi

128 730 247 802 motus,
270 724 448 807 interprete
469 722 582 806 lingua
602 730 661 788 aut
682 720 816 800 calamo,
845 721 977 787 infinita
998 720 1156 787 varietate
1182 741 1259 806 pro·

129 810 296 891 ferentum
326 816 364 875 ut
396 829 563 893 quousque
595 808 631 873 in
664 807 716 873 his
749 807 951 892 imaginibus
979 806 1200 890 concipiendis
1227 814 1261 872 et

130 893 355 980 exprimendis
376 894 551 978 procedere
575 894 680 979 possit
704 900 875 977 poetarum
898 903 932 958 et
960 901 1127 959 oratorum
1154 892 1258 976 phan-

129 983 223 1063 tasia,
243 1002 353 1048 rerum
376 982 577 1048 obiectarem
599 980 707 1065 speeie
729 977 955 1045 vehementius
979 999 1151 1063 percussa,
1174 978 1259 1044 diffi-

130 1068 288 1135 cillimum
311 1067 356 1134 sit
378 1064 588 1133 diiudicatu“.
641 1065 716 1147 Quo
738 1067 810 1131 iure
838 1065 942 1151 igitur
967 1064 1112 1133 Wolfius
1134 1088 1176 1131 ex
1196 1065 1260 1132 hoc

129 1155 201 1222 loco
223 1161 459 1240 argumentum
479 1161 592 1237 petere
604 1152 717 1303 possit
739 1151 780 1217 ad
802 1151 845 1231 id,
867 1150 953 1235 quod
971 1151 1011 1217 de
1032 1150 1260 1218 honoratione

131 1240 270 1325 protulit
297 1237 454 1305 indicium
482 1238 602 1305 loloien
627 1260 698 1323 um,
727 1259 860 1322 prorsus
887 1258 954 1303 non
980 1236 1090 1319 video5
1119 1258 1197 1304 nam
1225 1236 1259 1302 id

131 1326 213 1392 mihi
244 1345 512 1409 unumquemque
545 1345 778 1391 concessurum
815 1344 929 1407 spero,
958 1323 1045 1389 hano
1081 1324 1259 1409 imaginem

130 1412 233 1478 multo
262 1412 369 1497 magis
396 1410 563 1477 Ciceronis
590 1432 661 1476 esse
689 1409 795 1479 videri
822 1410 977 1477 incuria
1010 1410 1113 1476 verba
1139 1411 1258 1477 facien-

129 1500 184 1650 tifi,
212 1519 311 1585 quam
341 1497 482 1564 hominis
512 1496 697 1563 scholastici
732 1497 768 1561 in
803 1495 921 1562 umbra
948 1517 1024 1563 suas
1052 1496 1139 1564 vires
1172 1496 1258 1580 peri·

130 1585 284 1651 c‘tantis.
307 1619 349 1631 -

217 1671 290 1735 Iam
306 1688 385 1736 vero
408 1669 557 1754 pluribus
579 1667 742 1753 agendum
765 1675 815 1735 est
837 1667 879 1734 de
907 1669 1033 1750 verbis,
1060 1688 1144 1752 quae
1167 1667 1259 1733 dein·

130 1777 207 1841 ceps
229 1761 399 1823 secuntur:
431 1754 535 1839 „quod
562 1755 657 1821 breui
685 1762 830 1839 tempore
858 1755 970 1822 futura
997 1755 1040 1822 sit
1065 1754 1124 1821 illa
1151 1760 1260 1821 auoto-

130 1843 212 1909 ritas
248 1844 283 1907 in
321 1841 375 1906 his
407 1843 568 1906 maiorum
602 1847 635 1905 et
673 1841 741 1907 suis
779 1839 941 1908 sedibus“.
1005 1839 1113 1923 Quem
1152 1841 1260 1908 locum

132 1928 340 1996 obscuritatis
363 1927 499 1993 crimine
518 1926 661 1992 Wolfius
684 1927 899 2012 vituperavit3
926 1934 959 1992 et
986 1927 1125 2012 contigit
1154 1927 1193 2006 ei,
1224 1934 1261 1993 ut

132 2013 232 2081 etiam
266 2013 487 2099 sagacissimis
519 2012 585 2078 illis
612 2011 769 2079 orationis
805 2013 1033 2081 defensoribus
1067 2013 1259 2097 scrupulum

130 2101 288 2167 iniiceret.
334 2099 429 2166 Alter
450 2099 537 2165 enim
565 2097 737 2165 Weiskius
767 2097 905 2179 dubitat,
934 2121 1016 2184 quae
1046 2098 1260 2185 intelligenda

132 2187 176 2253 sit
197 2186 256 2252 illa
279 2186 495 2265 „auctoritas“
521 2191 553 2250 et
575 2183 683 2250 locum
704 2184 899 2253 mendosum
920 2186 1051 2252 iudicat.
1102 2184 1260 2252 Statuens

131 2273 234 2357 igitur
261 2272 429 2351 lacunam,
458 2270 580 2356 viginti
613 2269 684 2336 fere
719 2273 822 2340 verba
856 2271 981 2351 inserit,
1005 2271 1123 2356 quibus
1151 2272 1259 2339 locum

132 2378 264 2425 sanasse
303 2357 364 2424 sibi
402 2357 542 2424 videtur.
605 2357 715 2438 Alter,
752 2357 923 2424 Wormius
963 2379 1031 2424 non
1070 2359 1181 2424 minus
1210 2378 1260 2422 se·

132 2444 250 2512 ductus
269 2451 321 2511 est
338 2444 452 2527 *verbis
480 2443 665 2510 Wolfianis.
714 2445 853 2510 Praeter
880 2444 1143 2529 probabilitatem
1172 2443 1260 2509 enim

132 2538 243 2597 censet
276 2528 471 2596 vocabulum
506 2529 707 2597 auctoritatis
743 2530 909 2609 „ordinem
943 2530 1163 2597 senatorium“
1195 2529 1261 2614 sig·

131 2616 266 2683 nificare
295 2622 328 2681 et
352 2615 386 2680 id
420 2617 599 2695 arbitratur
623 2615 817 2683 Ciceronem
849 2616 956 2684 dicere
986 2616 1139 2697 voluisse,
1168 2637 1262 2700 „pre-

131 2701 261 2786 pediem
284 2709 434 2770 senatum
457 2701 515 2767 illa
536 2703 673 2785 pristina
696 2711 730 2768 et
757 2704 891 2786 antiqua
920 2704 1113 2770 auctoritate
1134 2703 1205 2768 fore
1227 2702 1263 2766 in

133 2787 296 2854 maiorum
329 2795 363 2853 et
393 2789 461 2854 suis
492 2788 653 2855 sedibus“.
703 2788 791 2853 Illud
829 2796 999 2868 „suorum“
1031 2796 1143 2855 autem
1171 2786 1262 2855 addit

134 2894 200 2939 non
224 2880 293 2940 tom
315 2895 427 2941 vocem
453 2874 692 2953 „auetoritatis“
718 2875 889 2958 respicere,
918 2894 1017 2959 quam
1038 2896 1193 2959 personas
1223 2893 1260 2938 eo

136 2959 293 3028 vocabulo
316 2958 520 3045 designatas.-

217 3046 344 3122 Neuter
365 3067 479 3115 verum
502 3047 677 3131 perspexit.
722 3047 774 3113 De
796 3053 912 3114 senatu
933 3049 966 3113 h.
988 3047 1010 3113 l.
1040 3047 1173 3112 omnino
1195 3065 1264 3110 non

134 3132 270 3217 cogitari
303 3140 418 3216 potest.
461 3132 631 3216 Nusquam
664 3132 754 3198 enim
785 3133 822 3198 in
855 3134 917 3213 eie,
951 3153 1034 3216 quae
1056 3131 1262 3209 antecedunt,

135 3218 233 3284 huius
255 3217 379 3284 ordinis
400 3219 524 3284 mentio
546 3220 593 3298 fit,
616 3220 778 3302 usquein
800 3219 1148 3302 posterioreorationis
1169 3223 1264 3303 parte

134 3304 313 3388 quidquam
332 3304 512 3385 invenitur,
536 3304 623 3370 unde
651 3305 761 3390 colligi
788 3307 891 3389 possit
922 3305 1191 3385 „auctoritatem“
1224 3303 1264 3369 de

137 3391 341 3457 senatoribus
359 3390 480 3457 dictam
502 3410 580 3456 esse.
625 3390 717 3456 Nihil
740 3390 861 3458 lecerat
881 3392 938 3457 illo
965 3391 1017 3457 die
1046 3390 1177 3471 Caesar,
1200 3388 1270 3473 quo'

135 3474 249 3542 (licere
270 3477 395 3560 impelli
418 3484 536 3562 posset,
559 3482 596 3541 ut
618 3475 748 3560 diceret,
766 3476 948 3557 breuiore,
968 3477 1159 3561 utdignitas
1171 3496 1264 3544 sena-

134 3568 252 3642 torum,
275 3562 346 3647 (qui
368 3562 435 3629 iam
457 3569 552 3631 eraut
576 3562 612 3627 in
632 3564 794 3629 maiorum
816 3585 950 3630 suerum
973 3571 1007 3629 et
1028 3564 1096 3630 suis
1118 3562 1265 3644 sedibus)

134 3648 233 3713 etiam
251 3649 514 3732 amplificaretur.
548 3687 591 3697 -
625 3650 674 3715 Ac
696 3651 840 3735 profecto
869 3649 968 3717 nimis
995 3656 1145 3718 contorta
1171 3650 1265 3715 fieret

134 3733 251 3799 relatio
273 3734 447 3801 verborum
474 3736 605 3815 „suiset
626 3742 780 3802 suorum“
804 3736 844 3801 ad
857 3743 1008 3804 senatum
1026 3757 1085 3820 pro
1103 3734 1265 3803 eandidis-

135 3820 219 3886 simo
241 3819 411 3887 Ciceronis
435 3843 555 3906 genere
577 3821 749 3901 scribendi,
770 3829 808 3887 ut
828 3823 946 3888 Wolfii
970 3823 1078 3889 verbis
1100 3829 1184 3888 utar.

221 3905 327 3972 Mirer
347 3907 456 3992 igitur,
480 3907 565 3992 quod
590 3907 766 3974 doctissimi
789 3909 942 3975 viritem
965 3910 1107 3993 spinosis
1137 3915 1266 3973 senten·

135 3991 191 4057 tiis
213 3991 390 4059 subvenire
412 3995 518 4059 conati
541 4002 621 4060 sunt
642 3994 720 4072 loco,
742 3994 777 4058 in
799 4015 862 4078 quo
880 3994 964 4060 nihil
983 3997 1070 4062 inest
1092 3993 1266 4061 difficulta-

134 4077 188 4144 tis.
232 4077 304 4145 Iam
326 4079 489 4145 Abramus
511 4088 599 4146 recte
620 4079 815 4146 vocabulum
840 4082 1082 4160 „auctoritatis“
1105 4079 1268 4163 interpre-

135 4169 225 4229 tatus
247 4172 306 4246 est,
330 4186 406 4233 cum
428 4165 489 4232 loci
511 4166 598 4232 hano
628 4187 700 4233 esse
732 4168 929 4234 sententiam
964 4166 1063 4233 dixit:
1100 4166 1268 4247 „Parietes
