2962 4836
730 269 879 329 ...7.-

238 435 353 504 incidit
374 439 605 517 coniecturam,
627 459 691 521 qua
714 438 837 514 statuit,
867 437 908 502 ad
935 436 1068 500 modum
1097 436 1275 502 verisimile
1296 455 1367 501 esse

239 523 437 590 aOiccrone
471 525 652 590 orationem
685 546 744 609 pro
778 522 934 590 Marcello
968 521 1115 587 habitam
1148 543 1228 601 esse,
1261 541 1368 604 neque

238 619 349 675 tamen
372 633 444 676 eam
465 631 547 685 esse,
570 633 653 693 quac
676 611 716 676 ad
740 621 852 675 nostra
864 612 1011 690 tempora
1023 609 1235 690 pervenisset.
1270 608 1368 674 Hanc

238 697 324 762 enim
348 719 389 762 ex
413 718 491 761 vern
518 696 581 769 illa
603 696 756 761 'l'ulliana
776 697 815 759 ab
843 693 976 759 homine
998 695 1107 760 nescio
1133 715 1196 777 quo
1223 694 1367 776 exscrip-

239 791 306 853 tam
329 791 363 847 et
384 783 502 848 inscite
525 782 739 866 compositam
761 781 1012 847 existimandam
1038 801 1118 844 esse.
1163 782 1271 862 Atque
1288 801 1367 862 qua-

238 877 315 933 tuor
336 869 445 951 capita
467 871 650 934 accuratius
671 876 850 951 pertractat
867 877 899 930 ot
922 888 1004 948 quae
1026 868 1139 947 spuria
1166 867 1201 931 in
1231 867 1278 932 eis
1306 864 1369 930 sibi

238 954 423 1030 videantur,
447 955 581 1035 exponit
602 964 635 1019 et
656 956 821 1036 componit
842 953 902 1018 sub
914 955 1012 1018 finem
1025 950 1262 1035 disputationis,
1285 971 1368 1033 quae

238 1039 390 1105 Oiceroni
411 1040 586 1105 tribuenda
604 1062 675 1106 esse
705 1048 824 1115 censet,
853 1039 917 1103 alia
941 1060 983 1103 ex
1012 1038 1064 1102 sui
1092 1038 1203 1102 indicii
1233 1037 1367 1102 arbitrio

238 1126 398 1202 rciieiens,
428 1126 493 1190 elia
525 1127 712 1209 recipienda
745 1136 900 1191 statuens.
958 1123 1026 1189 Sed
1059 1144 1135 1188 oum
1169 1125 1250 1190 haec
1284 1123 1367 1188 ratio

238 1211 615 1294 parumprobabilitatis
645 1213 773 1289 habeat,
808 1233 874 1276 non
907 1219 957 1277 est
989 1232 1047 1276 cur
1080 1212 1248 1288 miremur,
1280 1207 1367 1292 quod

239 1297 375 1363 Iacobus
397 1318 501 1379 usque
529 1298 570 1364 ad
603 1299 664 1364 hoc
696 1310 827 1381 tempus
860 1318 1040 1380 perpaucos
1073 1316 1150 1362 suae
1184 1294 1368 1362 sententias

239 1382 342 1448 socios
363 1385 499 1447 invenit.
523 1397 571 1432 ¹—-
600 1384 750 1467 Deniqne
779 1384 821 1449 G.
850 1383 1043 1459 Kellerus1)
1067 1381 1286 1447 nominandus
1308 1389 1366 1459 est,

240 1476 312 1550 post
333 1490 429 1550 quem
453 1490 559 1546 nomo,
592 1479 751 1551 quantum
778 1469 928 1552 equidem
956 1471 1031 1545 scic,
1060 1468 1242 1534 orationem
1275 1466 1368 1532 illam

240 1563 296 1620 aut
317 1555 652 1622 accusandamdenuo
674 1564 733 1621 aut
750 1555 1150 1638 defendendamsusccpit.
1179 1554 1214 1619 Is
1236 1573 1367 1637 pracce-

238 1640 336 1706 dente
359 1641 511 1707 Weiskio
532 1644 652 1708 iterum
675 1642 838 1726 congessit
865 1642 967 1725 ipsius
1000 1641 1168 1706 Ciceronis
1200 1647 1233 1705 et
1256 1659 1365 1723 gram·

236 1727 429 1792 matioorum
464 1729 655 1795 testimonia
682 1738 716 1794 ct
743 1729 808 1793 alia
835 1735 980 1805 externa,
1005 1736 1041 1791 ut
1055 1728 1103 1790 ita
1124 1726 1239 1802 dicam,
1268 1746 1365 1808 argn-

236 1821 347 1876 menta
368 1812 509 1897 collegit,
532 1836 615 1896 quae
637 1823 715 1897 apta
736 1822 846 1880 essent
867 1813 908 1878 ad
930 1814 1016 1878 hano
1044 1814 1226 1877 orationem
1258 1809 1366 1875 Tullio

235 1898 454 1976 tribuendam,
478 1901 513 1964 in
535 1901 582 1966 eis
603 1908 725 1977 autem,
748 1921 831 1983 quae
856 1899 999 1964 Wolfius
1028 1897 1231 1981 perstrinxit,
1254 1896 1365 1961 delen·

237 1982 351 2047 dondis
373 1985 483 2051 minus
500 1996 659 2052 versatur.
704 1990 814 2070 Atque
835 1987 906 2070 ipse
928 1985 1070 2069 ingenue
1092 1985 1276 2061 confitetur,
1297 2001 1365 2046 non

237 2067 298 2134 sibi
321 2069 506 2152 contigisse,
529 2081 566 2137 ut
588 2073 651 2138 viri
674 2072 760 2139 docti
781 2073 939 2139 iudicium
963 2092 1097 2155 prorsus
1109 2070 1266 2134 refutaret
1286 2088 1363 2133 cau-

236 2175 370 2236 samque
395 2156 594 2223 absolvendo
621 2159 656 2224 in
685 2160 796 2224 omnia
822 2169 971 2241 tempora
999 2156 1256 2224 controversiam
1278 2152 1364 2218 diiu-

235 2238 367 2306 dicarct.
400 2279 441 2288 -
470 2244 627 2326 Longum
661 2252 712 2309 ost
739 2254 773 2308 et
805 2265 825 2308 a
856 2245 1022 2326 proposito
1054 2242 1217 2318 abhorret,
1251 2260 1364 2304 eorum

235 2327 368 2391 nomina
390 2329 517 2407 afferre,
549 2330 605 2411 qni
634 2329 688 2394 vel
717 2331 829 2412 paucis
858 2329 909 2394 vel
938 2329 1088 2410 pluribus
1121 2328 1162 2393 dc
1195 2325 1387 2392 nonnullis-

235 2412 459 2479 oratiunculae
492 2414 571 2480 locis
604 2418 741 2498 egerint.
792 2414 882 2483 Satis
915 2436 987 2479 esse
1020 2414 1101 2479 mihi
1136 2413 1276 2488 videtur,
1308 2431 1363 2477 eos

234 2519 454 2587 cnumprassc,
478 2501 534 2581 qui
556 2501 696 2566 multum
719 2523 838 2585 operae
860 2500 1091 2567 collocaverint
1112 2501 1217 2565 inlito
1239 2498 1363 2580 discep

234 2584 344 2662 tanda,
369 2587 524 2666 quoniam
546 2609 587 2652 ex
621 2590 677 2666 eis,
707 2609 789 2670 quae
818 2587 950 2672 protuli,
984 2587 1064 2652 satis
1094 2584 1235 2663 intelligi
1267 2604 1363 2667 posse

234 2677 321 2751 puto,
345 2693 434 2753 quac⁴
447 2672 544 2738 hodie
557 2675 600 2738 sit
621 2674 710 2741 illius
728 2673 927 2755 quaestionis
945 2673 1100 2749 condicic,
1112 2671 1274 2753 simulque
1285 2669 1363 2734 inde

234 2776 391 2838 apparere
420 2759 588 2838 existimo,
618 2781 685 2824 non
715 2762 858 2826 alienum
887 2770 945 2825 aut
973 2779 1250 2842 supervacaneum
1281 2775 1362 2832 esse,

233 2863 302 2906 rem
327 2842 434 2908 denuo
463 2854 641 2911 retractare
668 2854 702 2911 et
730 2846 771 2912 ad
805 2847 950 2912 severius
983 2866 1123 2909 examen
1157 2848 1360 2925 argumente,

233 2927 351 3008 quibus
374 2929 467 2995 nisus
495 2931 638 2997 Wolfius
671 2933 909 3001 oratiunculam
944 2953 963 2996 a
996 2930 1155 2996 Cicerone
1188 2926 1361 3003 abiudicet,

233 3032 396 3078 revocare.
441 3015 517 3080 Soio
539 3019 624 3081 enirn
648 3019 746 3084 etiam
771 3041 859 3084 nunc
880 3039 961 3093 esse,
985 3017 1038 3098 qui
1069 3016 1140 3078 eins
1162 3013 1360 3078 sententiam

235 3117 294 3193 pro
317 3119 395 3162 vera
415 3101 663 3181 amplectantur,
686 3114 742 3167 aut
759 3101 871 3169 hacde
893 3101 1064 3167 causasibi
1077 3099 1218 3164 nondum
1238 3098 1361 3180 liquere

235 3181 353 3247 droant.
398 3184 513 3265 Itaque
535 3207 653 3268 operae
676 3189 814 3270 pretium
834 3188 924 3265 duxi,
947 3186 1188 3252 adsolvendam
1201 3183 1361 3268 quaestio-

234 3289 309 3331 nem
332 3270 454 3334 iterum
476 3273 628 3337 accedere
650 3284 692 3350 et,
715 3274 743 3337 si
766 3282 886 3356 potero,
906 3274 1063 3339 adfinem
1082 3271 1360 3353 camperducere,

235 3373 431 3437 quamquam
457 3378 520 3422 non
543 3359 667 3442 ignoro,
690 3360 891 3444 periclitanti
911 3359 992 3425 mihi
1015 3360 1050 3423 in
1069 3356 1272 3424 defendenda
1289 3377 1360 3422 ora·

235 3440 322 3538 tione
352 3442 476 3525 ingenii
507 3445 594 3510 vires
624 3447 700 3523 fore,
737 3457 772 3510 ut
802 3447 926 3511 multae
959 3457 992 3511 et
1020 3466 1159 3529 magnae
1190 3451 1362 3510 occurrant

234 3522 454 3593 difficultates.
499 3531 540 3595 In
563 3532 749 3598 refellendis
772 3546 881 3598 autem
904 3532 1018 3598 Wolfii
1042 3532 1147 3597 causis
1169 3532 1197 3596 si
1215 3530 1361 3595 ouilorte

234 3632 300 3677 non
323 3633 370 3691 ea,
394 3635 459 3695 qna
486 3637 546 3697 par
574 3628 655 3695 erat,
684 3619 884 3684 verecundia
911 3641 992 3684 usus
1025 3639 1097 3684 esse
1130 3615 1251 3696 videor,
1285 3637 1360 3681 eum

233 3717 354 3778 precor,
380 3720 422 3764 ne
443 3700 504 3766 hoc
527 3704 608 3767 mihi
636 3706 764 3770 arimini
798 3707 851 3770 vel
879 3704 1071 3770 insolentiae
1100 3711 1217 3782 vertat,
1246 3701 1303 3768 sed
1333 3703 1361 3767 is

233 3785 430 3864 persuadeat
451 3788 512 3854 sibi
536 3788 645 3866 velim,
668 3811 730 3865 me,
753 3812 966 3872 quaecunque
989 3790 1189 3874 protulerim,
1214 3787 1361 3854 veritatis

234 3889 344 3966 amore
356 3880 389 3937 et
400 3873 620 3940 sincerissimo
632 3875 750 3955 studio,
762 3875 844 3942 illud
857 3877 1114 3959 pulcherrimum
1125 3875 1297 3940 Tullianae
1309 3895 1360 3937 ar·

233 3959 276 4020 trs
296 3960 546 4026 monumentum
569 3982 629 4026 suo
649 3963 775 4031 auctori
798 3961 985 4033 vindicandi
1007 3962 1184 4029 adductum
1207 3959 1337 4027 dixisse.

230 4130 439 4149 ''m—*-

280 4274 283 4281 ·
320 4238 351 4305 1)
369 4238 463 4308 Prcssr·
480 4256 601 4315 sponsa
619 4240 742 4300 Ratibor.
761 4237 838 4294 1845.
