2962 4836
620 210 786 275 ...23-

111 409 113 412 ·
139 377 228 443 sisse.
252 377 301 445 Of.
324 380 376 446 De
398 381 451 447 off.
474 381 501 447 Ι.
526 385 554 460 7,
579 384 615 444 21
645 381 718 459 „Ex
740 401 812 462 quc,
835 382 913 463 quia
934 402 1029 445 suum
1052 381 1208 462 cuiusque
1229 381 1268 445 fit

139 483 260 543 eorum,
283 485 365 547 quae
383 476 501 532 natura
522 468 653 532 fuerant
670 467 871 532 communia:
896 466 981 550 quod
1003 466 1119 549 cuique
1140 465 1265 549 obtigit,

138 548 172 614 id
193 550 330 634 quisque
353 560 492 617 teneat.“
538 553 631 618 Haec
653 552 709 635 qui
731 574 841 618 secum
863 552 1074 636 reputaverit,
1097 551 1160 616 nisi
1183 551 1266 616 forte

138 635 249 717 iniquo
270 635 389 703 iudicio
412 639 522 716 utitur,
553 645 586 702 et
612 639 645 702 in
674 639 838 704 sententia
860 648 893 703 et
919 639 956 702 in
978 637 1192 721 grammatica
1213 659 1265 702 ra·

138 720 229 786 tione
251 721 341 787 illius
362 723 424 789 loci
444 723 713 807 acquiescendum
737 745 818 799 esse,
841 723 1003 789 concedet.

223 892 295 958 Iam
317 916 396 960 vero
417 894 460 960 ad
482 903 579 978 caput
600 894 739 960 alterum
770 893 1008 961 transeundum
1030 893 1169 972 videtur,
1200 915 1264 976 quo

138 977 254 1043 etiam·
270 979 377 1064 magis
408 981 577 1064 ingenium
607 980 775 1046 Ciceronis
807 1001 964 1064 apparere
993 991 1081 1046 recte
1117 977 1263 1043 animad-

141 1064 238 1128 vertit
265 1065 402 1131 Iacobus
431 1067 513 1131 haec
541 1072 705 1132 statuens:
741 1066 852 1144 „Nihil
881 1069 915 1131 in
945 1086 984 1130 eo
1012 1066 1148 1149 longum
1177 1064 1265 1148 sapit

137 1147 395 1234 meditatamque
416 1151 602 1232 exordium3
631 1152 688 1217 sed
710 1150 795 1234 quod
822 1153 872 1217 illi
894 1152 957 1216 diei
986 1151 1193 1233 aptissimum
1216 1151 1264 1215 vi-

138 1233 242 1313 detur,
265 1237 378 1301 statim
396 1236 570 1304 Gaesarem
589 1237 783 1322 appellando
805 1239 846 1303 ad
868 1239 956 1322 ipsas
974 1238 1098 1321 gratias
1119 1235 1263 1320 agendas

137 1320 302 1386 acceditur
324 1321 452 1389 dicendi
475 1344 593 1407 genere
615 1323 702 1400 forti,
730 1325 834 1407 gravi,
863 1323 1012 1407 quodque
1034 1321 1143 1387 animo
1166 1323 1263 1388 rebus

136 1405 287 1489 plurimis
315 1417 477 1473 commoto
510 1409 671 1492 imprimis
701 1417 888 1493 congruat.“
934 1409 1041 1474 Aliter
1068 1407 1130 1472 hac
1158 1406 1198 1472 de
1227 1429 1263 1473 re

137 1491 243 1557 visum
272 1500 323 1558 est
349 1493 479 1560 Wolfio.
524 1495 596 1559 Iam
624 1496 760 1560 ineunte
794 1496 898 1577 capite
931 1515 1052 1560 novam
1084 1492 1262 1576 reprehen-

137 1575 235 1641 dendi
257 1578 387 1646 invenit
409 1602 531 1646 ansam.
566 1581 673 1663 Negat
695 1582 783 1645 enim
806 1583 948 1659 „flumen
969 1579 1113 1663 ingenii“
1134 1578 1263 1644 aOiee·

136 1683 217 1728 rone
250 1663 313 1730 dici
345 1666 499 1749 potuisse,
532 1687 607 1731 cum
640 1666 768 1731 nullum
800 1675 908 1732 exstet
940 1665 1138 1748 exemplum,
1173 1665 1263 1730 cuius

137 1747 349 1816 similitudine
383 1751 447 1816 tale
480 1751 556 1834 quid
590 1753 826 1834 comprobetur.
871 1753 1130 1833 Frequentatum
1164 1751 1264 1815 fuisse

137 1835 260 1900 oratori
290 1837 491 1914 „ubertatem
520 1846 554 1901 et
580 1839 704 1902 flumen
725 1838 880 1903 orationis
901 1837 957 1903 vel
980 1838 1161 1913 verborum,
1194 1836 1263 1914 „in-

137 1920 245 2071 ἶθηίἰιι
270 1929 382 1988 autem
407 1925 567 2000 „fiumen‘⁴
592 1924 632 1989 ab
655 1923 726 1989 eius
744 1946 806 1989 usu
824 1923 1008 1988 abhorrere.
1032 1922 1207 1986 -Etiam
1229 1921 1264 1986 in

162 2028 225 2073 unc
253 2006 360 2074 locum
390 2007 551 2091 quadrare
574 2008 712 2087 videtur,
743 2008 829 2091 quod
851 2009 1023 2074 Wormius
1045 2030 1075 2090 p.
1103 2012 1161 2072 109
1186 2029 1262 2090 que·

136 2093 238 2171 ritur;
270 2093 392 2160 scilicet
414 2101 464 2159 est
486 2094 663 2159 defensoris
686 2094 838 2171 conditio,
861 2116 958 2176 quam
981 2093 1178 2159 accusatoris
1200 2094 1263 2157 ini-

42 2228 45 2232 *
136 2179 244 2260 quior,
275 2178 457 2260 quodcum
483 2179 537 2245 hic
566 2178 667 2263 digito
689 2189 890 2245 monstrasse
912 2191 945 2245 et
976 2180 1075 2245 verbo
1098 2179 1263 2244 monuisse

137 2271 310 2330 contentus
328 2265 381 2344 sit,
398 2265 448 2329 illi
466 2264 507 2331 ad
526 2267 728 2349 suspiciones
746 2267 881 2332 iniectas
901 2264 1056 2332 delendas
1074 2271 1108 2330 et
1125 2264 1263 2330 crimina

137 2347 292 2416 diluenda
313 2350 458 2435 longiore
480 2351 626 2416 oratione
649 2372 729 2433 opus
752 2361 810 2418 est.

226 2436 388 2513 „Flumen
416 2437 611 2505 verborum“
640 2438 742 2520 igitur
769 2439 823 2503 vir
858 2437 972 2503 doctus
1003 2435 1082 2501 dicit
1119 2436 1263 2502 inveniri

139 2519 226 2602 apud
247 2520 450 2601 Ciceronem,
475 2544 541 2587 non
567 2525 708 2600 „flumen
726 2523 882 2607 ingenii“,
901 2543 983 2604 quae
1012 2522 1205 2604 metaphora
1233 2523 1263 2587 ei

138 2605 290 2672 audacior
313 2605 456 2675 videtur.
481 2609 549 2674 Res
572 2608 714 2673 omniurn
739 2608 931 2675 difficillima
953 2615 1011 2686 est,
1033 2607 1095 2673 hoc
1118 2615 1264 2691 tempore

138 2698 289 2770 statuere,
308 2714 371 2776 quo
390 2693 544 2760 audaciae
566 2695 686 2759 oratori
704 2695 856 2760 Romano
878 2693 1009 2759 licuerit
1031 2691 1204 2775 procedere
1227 2693 1262 2756 in

137 2777 339 2860 metaphoris
357 2779 557 2847 adhibendis.
589 2781 663 2845 Non
682 2786 749 2844 tam
771 2779 901 2865 augusti
914 2779 1027 2845 Oiccro
1049 2779 1111 2843 fuit
1128 2778 1261 2865 ingenii,

138 2870 175 2928 ut
196 2863 319 2929 eisdem
341 2886 468 2948 semper
491 2865 639 2930 formulis
662 2869 819 2944 uteretur,
848 2865 905 2930 sed
926 2864 1093 2949 praestitit
1119 2884 1178 2944 pro
1203 2883 1262 2927 sua
1320 2922 1322 2925 ,

137 2949 286 3015 ubertate
308 2951 391 3016 miro
413 2951 573 3016 sermonis
597 2949 744 3016 variandi
767 2951 912 3017 artificio.
938 2949 1047 3016 'Hinc
1069 2949 1262 3013 innumerae

136 3033 213 3100 illae
241 3037 417 3120 imagines,
449 3057 531 3119 quae
561 3058 635 3102 cum
665 3058 769 3119 neque
803 3044 879 3102 ante
906 3058 980 3102 eum
1014 3056 1118 3117 neque
1150 3040 1263 3118 postea

138 3120 345 3204 reperiantur
377 3123 529 3205 propriae
561 3123 631 3188 eius
663 3121 818 3188 dicendae
851 3122 926 3188 sint.
990 3120 1139 3202 Quarum
1174 3119 1263 3185 haud

137 3227 259 3289 paucae
288 3208 334 3272 ita
363 3215 570 3290 comparatae
600 3215 687 3286 sunt,
714 3217 751 3272 ut
781 3208 819 3287 ei,
853 3208 907 3288 qui
936 3205 1065 3273 dicendi
1096 3213 1201 3270 artem
1230 3212 1264 3270 et

138 3291 345 3375 disciplinam
365 3316 430 3359 non
453 3302 492 3359 ut
513 3315 589 3359 suas
623 3293 796 3376 possideat,
817 3291 874 3359 sed
898 3300 936 3358 ut
962 3292 1085 3357 alienas
1113 3290 1202 3368 libet,
1235 3291 1263 3355 si

138 3399 193 3443 eas
225 3399 302 3445 suae
327 3379 493 3444 facultatis
519 3378 650 3444 modulo
680 3401 744 3444 non
773 3379 875 3462 ipsius
905 3378 1108 3460 eloquentiae
1136 3377 1263 3442 viribus

137 3464 302 3543 metiatur,
325 3465 462 3548 frigidae
485 3473 517 3530 et
539 3465 670 3548 ineptae
700 3473 757 3529 aut
778 3464 923 3530 insulsae
946 3471 979 3527 et
1001 3462 1141 3545 pueriles
1171 3460 1262 3527 vide·

138 3557 244 3615 antur.
295 3551 335 3615 In
369 3572 507 3634 quarum
535 3572 671 3615 numero
698 3550 792 3615 illum
822 3550 929 3614 locum
957 3547 1127 3613 retulerim
1156 3549 1179 3631 ξ.
1212 3548 1260 3611 10.

140 3636 317 3715 „Parietes
340 3635 594 3715 mediusfidius,
617 3645 653 3700 ut
675 3636 758 3700 mihi
781 3635 918 3712 videtur,
941 3635 1038 3699 huius
1060 3632 1180 3697 Curiae
1203 3631 1262 3696 tibi

137 3721 261 3805 gratias
279 3742 376 3805 agere
398 3723 545 3805 gestiunt
567 3730 599 3786 et
616 3744 645 3804 q.
668 3728 762 3799 sec.“‚
781 3743 877 3804 quem
897 3721 1016 3785 iniuria
1035 3718 1188 3783 awolfio
1212 3738 1262 3782 re-

137 3807 298 3889 prehendi
319 3807 385 3871 iam
408 3806 579 3872 Wcrmius
602 3815 635 3872 et
651 3807 822 3874 Weislrius
845 3805 1035 3871 docuerunt.

223 3891 291 3957 Sed
323 3901 360 3957 ut
393 3913 448 3970 ec,
480 3892 567 3957 unde
600 3890 738 3976 digressi
771 3913 884 3956 sumus
918 3901 1139 3966 revertamur,
1181 3887 1263 3952 illud

142 3979 281 4055 „flumen
299 3978 453 4062 iugenii“‚
474 3978 559 4060 quod
571 3978 736 4042 fereidem
755 3985 869 4054 est‚‘ac
888 3985 1035 4042 nostrum
1050 3971 1264 4051 „Gedauhem

137 4063 231 4142 fluss,
263 4063 638 4146 Godankenschwungr,
675 4085 770 4128 nemu
806 4062 997 4146 prudentior
1035 4066 1208 4143 propterea
1244 4079 1263 4120 a

140 4147 296 4216 Oicerone
326 4149 470 4215 alienum
494 4148 659 4229 iudicabit,
683 4149 768 4232 quod
797 4171 861 4214 non
889 4149 953 4213 nisi
981 4145 1140 4213 hocloco
1170 4144 1260 4210 inve·
