2962 4836
624 224 793 289 ..30-

142 403 221 474 tam,
244 414 342 479 quam
363 394 495 478 quidem
523 393 600 461 libri
620 392 836 476 manuscripti
858 392 1045 477 praebeant,
1074 391 1272 459 sententiam

142 481 315 562 protulisse
359 488 394 545 et
426 481 546 545 litteris
586 477 768 544 mandasse.
829 478 1124 545 Persuasissimum
1167 477 1271 561 igitur

143 567 255 643 habeo,
278 566 406 632 oodioes
439 569 544 632 looum
563 576 753 647 corruptum
775 565 946 642 exhiber03
971 575 1069 646 utque
1092 564 1152 628 hoo
1175 562 1270 627 modo

142 651 210 716 fere
232 651 387 716 mendum
409 653 579 733 irrepsisse
602 660 689 733 puto.
730 650 926 726 Exstabant‚
945 648 1081 731 si„qnid
1110 649 1212 727 vider,
1233 649 1270 711 in

142 736 322 821 arohetypo
347 737 441 803 haee:
477 737 538 801 VT
560 737 622 801 ΕΑ
645 734 731 800 VIX
760 734 999 816 OVIVSQVA
1022 734 1149 801 Maus
1182 733 1269 797 AVT

143 820 394 887 coeloram
413 821 596 886 OAPERE
615 819 795 887 Possm:
815 819 905 885 Sal)
919 829 953 885 et
967 842 997 902 q.
1014 842 1076 885 seo.
1092 821 1147 897 ita,
1161 831 1197 884 ut
1215 818 1267 882 lit

142 915 214 972 tera
246 927 279 970 m
311 908 345 971 in
371 927 450 972 voce
483 909 731 988 „cuiusquam
763 926 822 987 per
871 906 1098 988 eompendium
1149 905 1271 987 soripta

143 998 236 1058 esset.
291 992 345 1056 lox
380 992 446 1057 illis
484 990 888 1072 „OVIVSQVAMENS“
903 1000 1012 1056 autem
1029 991 1157 1057 incuria
1174 990 1270 1055 libra·

143 1077 183 1142 rii
207 1076 242 1142 in
264 1077 405 1151 alterum
428 1098 561 1143 versum
589 1087 663 1159 post
680 1076 818 1141 verbum
843 1077 980 1159 „possit“
1011 1076 1092 1141 illud
1117 1083 1267 1153 „ameus“

143 1164 304 1228 insertum
324 1184 394 1227 osse
416 1162 592 1228 verisimile
615 1169 674 1239 est,
696 1161 738 1225 ad
759 1161 845 1244 quod
925 1172 978 1227 tea
1000 1162 1040 1226 ab
1060 1162 1133 1242 alio,
1161 1162 1270 1227 neseio

144 1268 225 1331 quo,
257 1269 334 1313 eum
367 1270 433 1312 non
465 1248 616 1326 haberet,
650 1268 714 1330 quo
747 1248 872 1313 voeabu
886 1268 941 1312 um
974 1247 1111 1314 referret
1142 1253 1271 1312 mutata
1382 1278 1385 1282 ·

141 1332 304 1416 partioula
331 1332 445 1413 ETSI,
473 1353 555 1416 quae
583 1333 619 1397 in
646 1334 754 1415 prima
779 1333 943 1399 enuntiati
970 1332 1270 1416 pereleganter,

141 1419 179 1483 in
195 1416 292 1484 NISI
314 1417 398 1483 illud
423 1417 543 1497 „slm‘
569 1416 718 1485 additum
735 1439 805 1484 esse
829 1417 1011 1501 putandum
1033 1427 1093 1484 est.

228 1502 286 1570 sie
307 1504 409 1587 igitur
430 1504 607 1588 genuinam
630 1503 827 1587 seripturam
849 1504 1021 1570 restituere
1044 1503 1125 1569 mihi
1147 1502 1269 1581 videor,

143 1596 181 1655 ut
202 1588 409 1655 seribendum
427 1610 498 1656 esse
519 1608 716 1673 proponam:
747 1588 860 1669 „Quae
882 1588 1014 1672 quidem
1036 1610 1097 1674 ogo
1119 1590 1179 1655 etsi
1203 1597 1269 1653 tam

143 1696 264 1765 magna
285 1695 356 1741 esse
377 1675 491 1753 fateor,
514 1681 552 1739 ut
573 1696 612 1740 ea
629 1674 687 1738 vix
709 1673 902 1756 cuiusquam
924 1695 1019 1741 mens
1037 1685 1095 1740 aut
1116 1673 1270 1758 cogitatio

143 1781 261 1843 sapere
278 1761 390 1843 possit,
412 1760 470 1827 sed
492 1768 603 1826 tamen
626 1768 703 1825 sunt
725 1760 789 1824 alia
807 1762 961 1837 maiora“‚
980 1781 1062 1844 quae
1084 1761 1270 1826 oonieetura

142 1867 209 1912 non
232 1866 357 1924 vereor,
381 1867 421 1912 ne
438 1846 487 1912 eis
505 1845 658 1911 audaoior
675 1843 835 1924 videatur,
856 1847 912 1929 qui
930 1846 1043 1925 seiont,
1063 1867 1127 1929 qua
1144 1846 1269 1911 ratione

143 1931 193 1997 usi
216 1931 283 1996 sint
304 1930 431 1998 librarii
453 1932 488 1996 in
510 1931 602 1996 libris
632 1929 862 2011 describendis,
890 1931 1010 2015 quique
1038 1930 1181 2014 perlaeta
1208 1930 1269 1997 hae

144 2015 371 2089 dissertatione
393 2018 457 2083 sibi
479 2016 714 2100 persuaserint,
745 2015 834 2081 haud
854 2038 958 2100 panea
987 2018 1086 2082 huius
1112 2016 1269 2083 orationis

143 2100 264 2169 mendo
274 2112 331 2171 eut
342 2102 544 2191 negligentia
560 2123 671 2167 eorum
691 2110 749 2167 aut
765 2101 950 2185 explieandi
971 2102 1081 2168 studio
1099 2111 1171 2169 orta
1187 2122 1268 2171 esse.

229 2187 369 2257 Crimini
398 2188 497 2254 vertit
523 2187 739 2272 Spaldingius
772 2187 939 2267 Weiskio,
971 2188 1058 2271 quod
1089 2188 1125 2253 in
1155 2187 1268 2254 eodem

144 2273 313 2338 enuntiato
334 2294 395 2341 suo
418 2273 529 2341 olienti
546 2273 746 2356 praesidium
768 2284 940 2356 quaereret
962 2295 1004 2338 ex
1024 2275 1153 2340 silentio
1176 2293 1269 2341 seeu-

144 2358 263 2423 satoris
284 2379 328 2424 so.
341 2359 465 2425 Wolfii.
497 2358 558 2424 Ille
581 2361 669 2424 enim
691 2359 819 2425 monuit
841 2361 898 2426 vix
922 2359 986 2425 diei
1007 2380 1102 2443 posse
1125 2360 1268 2437 „maiora

144 2443 207 2522 eis,
238 2465 320 2527 quae
349 2447 407 2510 vin
434 2445 627 2527 cuiusquam
656 2466 749 2510 mens
779 2466 893 2528 oapere
923 2447 1056 2530 possit‘.
1111 2444 1178 2512 Sed
1206 2444 1268 2513 hoo

144 2526 331 2597 defensione
348 2551 412 2597 noa
436 2552 541 2615 egere,
565 2529 651 2614 quod
675 2552 716 2596 ne
733 2530 877 2596 Wolfius
899 2531 1031 2614 quidem
1054 2532 1266 2615 vituperaret.

143 2613 307 2697 Equidem
339 2615 408 2681 loeo
440 2615 532 2682 faeile
572 2617 718 2682 suoourri
751 2637 846 2699 posse
885 2624 979 2699 puto;
1011 2639 1087 2682 nam
1125 2617 1269 2700 profeoto

143 2698 226 2764 nihil
255 2706 314 2780 est,
341 2701 371 2766 ei
399 2700 567 2767 Oioeronis
595 2702 839 2767 eonsuetudinis
869 2703 1025 2768 rationem
1055 2703 1209 2768 habueris
1235 2708 1268 2766 et

143 2784 249 2851 looum
268 2793 356 2852 reete
378 2786 614 2871 interpretatus
637 2788 711 2865 eris,
729 2788 764 2852 in
785 2810 847 2870 quo
870 2786 1023 2854 offendas.
1070 2787 1159 2853 Sane
1180 2787 1266 2871 eogi-

145 2869 209 2934 tari
238 2879 345 2955 potest
376 2872 483 2937 maius
517 2871 653 2955 aliquid,
687 2893 785 2956 quam
819 2872 964 2938 faoinora
996 2873 1054 2938 illa
1086 2874 1120 2937 in
1152 2872 1267 2936 alienis

145 2955 243 3022 terris
270 2957 397 3023 fortiter
429 2957 533 3037 edita,
571 2979 707 3042 quorum
735 2979 908 3024 numerum
941 2966 974 3024 et
1005 2957 1267 3043 magnitudinem

145 3042 275 3111 animus
297 3042 390 3126 quasi
418 3063 485 3109 uno
507 3042 624 3109 obtutu
650 3043 821 3131 complenti
850 3066 917 3110 non
944 3045 1054 3128 possit.
1098 3043 1152 3110 Ita
1180 3044 1266 3109 enim

144 3127 282 3197 verbum
312 3127 499 3212 „oapisndi“
523 3129 757 3213 aeoipiendum,
787 3150 854 3195 non
880 3152 940 3218 per
968 3130 1091 3208 „intelli
1115 3135 1188 3195 ere“
1215 3127 1268 3196 rel

145 3211 209 3277 tale
229 3211 307 3295 quid
329 3214 609 3297 interpretandum
632 3236 713 3294 esse,
736 3222 853 3294 totum,
872 3215 958 3299 quod
979 3223 1055 3280 ante
1114 3216 1142 3280 it
1162 3235 1267 3280 enun-

144 3297 270 3377 tiatum,
301 3296 402 3364 dooet.
454 3297 614 3365 Similiter
641 3300 756 3367 Oioero
789 3301 860 3367 Oat.
887 3301 948 3366 III.
982 3305 1018 3364 13
1056 3323 1177 3385 „quum
1210 3300 1268 3366 illa

144 3382 326 3455 oertissima
354 3384 426 3450 visa
451 3393 717 3468 argumentatum
746 3387 850 3451 multo
878 3387 1033 3452 oertiora“
1058 3399 1091 3451 et
1115 3385 1181 3454 Off.
1204 3384 1266 3451 111.

146 3472 195 3533 33.
239 3468 392 3537 Valenti
413 3469 528 3536 Oioero
551 3472 672 3554 tibique
694 3470 863 3556 persuade,
884 3493 956 3538 esse
978 3479 1010 3537 te
1031 3471 1162 3555 quidem
1185 3470 1268 3536 mihi
1320 3469 1325 3476 “

143 3554 362 3634 earissimum3
383 3554 442 3621 sed
458 3556 560 3621 multo
577 3557 646 3622 lore
662 3559 820 3623 eariorem
838 3567 871 3622 et
889 3579 918 3641 q.
938 3579 999 3623 seo.
1029 3558 1064 3624 Is
1081 3559 1194 3644 igitur,
1212 3555 1267 3639 qui
1350 3566 1353 3567 ’

143 3639 222 3705 ferri
237 3661 334 3723 posse
350 3641 507 3708 eonoedet
525 3642 710 3720 „sanissimo
727 3643 793 3708 filio
811 3644 985 3709 oariorem“
1006 3650 1039 3709 et
1058 3643 1268 3723 „oertissimis

143 3727 347 3810 argumentis
368 3727 526 3792 oertiora“
550 3728 589 3806 is,
618 3730 762 3811 inquam,
790 3731 819 3794 si
850 3750 893 3794 ex
914 3730 1114 3795 Latinorum
1142 3750 1205 3796 usu
1233 3735 1267 3793 et

144 3831 186 3876 ex
219 3812 358 3876 oratoris
390 3813 522 3897 ingenio
554 3812 713 3879 iudicabit
742 3836 807 3879 non
840 3816 960 3898 poterit
987 3814 1124 3881 haerere
1149 3816 1185 3879 in
1218 3833 1266 3891 ea,

144 3917 242 3979 quam
264 3896 318 3961 lu'o
337 3896 429 3964 loeus
451 3898 585 3986 praebet
606 3900 776 3965 sententia.
832 3899 982 3981 Quaoum
1011 3923 1047 3966 re
1069 3900 1267 3967 eoniunotis·

145 3982 229 4048 sima
251 3981 384 4049 videtur
404 3985 566 4066 quaestio,
590 4005 670 4049 num
699 3985 852 4051 Oieeroni
884 3986 1061 4052 tribuenda
1088 3987 1155 4052 sint
1186 3985 1267 4050 haee

145 4070 170 4151 ξ,
201 4072 240 4132 38
271 4070 451 4147 „maximas
483 4068 544 4134 tibi
577 4070 702 4153 gratias
734 4072 861 4154 agimus
893 4072 930 4137 0.
963 4072 1094 4152 Caesar,
1129 4072 1268 4137 maiores

145 4154 243 4229 etiam
261 4154 449 4238 habemus“,
470 4164 566 4241 quem
588 4157 694 4222 loeum
705 4156 849 4222 Wolfius
865 4179 931 4222 nen
954 4158 1113 4225 intantum
1133 4156 1267 4222 dimisit.
