2962 4836
699 280 848 342 ..qm

214 451 351 535 experti,
373 452 426 519 vel
448 453 607 536 magistro
630 450 726 517 alicui
748 473 791 516 cx
813 471 925 516 eorum
948 471 1094 528 numero,
1117 471 1198 535 quos
1219 457 1253 516 ct
1275 451 1343 516 Au·

213 539 304 624 gusti
337 538 545 624 imperatoris
586 536 787 621 temporibus
825 541 859 601 et
893 545 1007 619 postea
1043 537 1144 622 uulgo
1177 537 1345 604 Ciceronis

214 624 401 709 exemplum
430 633 468 690 ut
499 623 630 689 imitatu
661 623 853 689 facillimum
886 623 922 687 in
954 621 1040 688 ludis
1073 623 1280 708 proposuisse
1313 633 1346 688 et

213 711 302 794 ipsos
324 710 469 776 imitatos
498 720 568 775 es'se
596 708 711 776 docere
740 716 774 773 et
806 710 1018 794 comprobare
1047 709 1168 776 studet.
1217 709 1344 786 Nescio,

214 796 294 880 quid
316 797 372 861 elii
394 797 457 862 hac
478 795 517 861 de
540 797 701 861 sententia
719 795 872 875 iudicent,
891 795 972 860 milri
993 795 1122 877 quidem
1136 796 1346 863 omninonon

214 882 391 966 probabilis
419 903 491 948 esse
523 890 556 947 et
589 902 705 965 parum
738 881 843 946 firmis
876 882 935 945 niti
971 878 1100 948 videtur
1133 882 1345 965 argumentis.

214 969 301 1033 Nam
323 988 486 1051 perpauca
506 977 540 1032 et
561 967 630 1034 fere
653 967 746 1032 nulla
767 988 810 1031 ex
831 966 889 1031 illa
918 974 1024 1031 aetate
1053 967 1095 1032 ad
1122 975 1236 1033 nostra
1264 975 1346 1033 tem·

214 1075 295 1138 pora
317 1063 540 1137 pervenerunt
561 1054 651 1120 illius
674 1052 925 1133 declamatoriae
948 1053 1029 1119 artis
1057 1061 1279 1131 monumenta,
1301 1053 1346 1117 ita

214 1147 254 1205 ut
276 1138 458 1205 audacioris
480 1139 662 1223 putandum
685 1140 736 1217 sit,
759 1139 1029 1206 scholasticorum
1060 1138 1192 1205 illorum
1220 1140 1346 1204 ratione

216 1247 283 1291 non
305 1226 385 1293 satis
407 1227 549 1311 cognita,
572 1235 629 1291 aut
651 1234 829 1309 perspecta,
853 1225 938 1291 hanc
961 1242 1025 1289 tam
1050 1224 1255 1308 splendidam
1273 1245 1346 1289 ora-

216 1313 341 1377 tionem
363 1314 421 1377 uni
444 1334 485 1376 ex
508 1313 556 1378 eis
583 1310 759 1380 vindicare.
812 1310 905 1392 Quae
939 1332 1012 1376 cunr
1045 1312 1093 1376 ita
1126 1312 1202 1390 sint,
1236 1332 1346 1376 nonne

217 1399 320 1463 satius
341 1419 411 1464 esse
435 1398 573 1477 videtur,
598 1399 658 1464 hac
681 1397 721 1463 de
743 1419 779 1464 re
801 1396 952 1463 assentiri
975 1397 1137 1463 Asconio?
1160 1397 1225 1464 Hic
1248 1396 1346 1474 enim,

216 1505 313 1567 quem
335 1483 554 1570 quadraginta
576 1486 644 1550 fere
672 1484 768 1550 annis
801 1493 875 1566 post
903 1483 1096 1549 Ciceronem
1130 1492 1243 1548 natum
1276 1503 1347 1548 esse

216 1568 393 1635 admodum
426 1570 604 1636 verisimile
637 1580 687 1636 est
708 1578 740 1634 et
762 1571 866 1653 spatio
889 1570 1100 1654 septuaginta
1117 1589 1278 1635 annorum
1296 1569 1347 1634 in-

215 1656 350 1723 teriecto
383 1658 672 1723 commentationes
704 1652 779 1721 illas
819 1655 1050 1738 conscripsisse
1079 1663 1215 1734 constat,
1250 1675 1349 1738 opera

216 1762 338 1819 eornm,
372 1764 453 1826 quos
475 1743 510 1807 in
532 1742 651 1807 umbra
672 1742 822 1807 ludorum
845 1741 988 1807 Wolfius
1016 1750 1128 1807 censet
1154 1748 1349 1826 argumenta

216 1828 410 1911 antiquioris
433 1828 506 1895 aevi
528 1828 569 1893 ad
592 1850 741 1894 normam
766 1836 913 1893 veterum
936 1835 1101 1892 oratorum
1123 1828 1348 1911 imprimisque

216 1914 386 1981 Ciceronis
421 1922 648 1998 pertractasse,
686 1914 865 1997 perlegisse
905 1921 938 1980 et
969 1913 1078 1996 qualia
1111 1922 1228 1992 essent,
1262 1914 1346 1978 bene

217 1999 354 2065 scivisse
376 1997 542 2084 putandus
564 2008 621 2065 est.
667 2000 733 2065 Hic
754 2000 864 2084 igitur,
887 2000 915 2066 si
937 2001 1009 2082 quis
1031 2000 1124 2079 alius,
1155 2008 1250 2083 aptus
1277 2008 1347 2065 crat

218 2083 258 2150 ad
282 2106 395 2152 verum
419 2085 624 2170 splendorem
647 2087 814 2153 Ciceronis
837 2110 856 2151 a
878 2088 985 2152 fucato
1015 2084 1188 2168 splendore
1214 2086 1346 2150 illorum

218 2172 389 2237 hominum
411 2195 472 2239 sua
494 2173 649 2257 opuscula
671 2173 842 2238 sententiis
863 2183 896 2237 ct
919 2173 1026 2238 verbis
1048 2172 1210 2237 Tullianis
1232 2170 1347 2238 distin·

217 2259 397 2342 guentinm,
437 2259 691 2324 discernendum
731 2267 763 2324 et
804 2260 860 2324 vix
902 2258 1063 2323 eiusmodi
1094 2257 1209 2323 fraude
1242 2256 1348 2339 decipi

220 2345 335 2431 potuit.
379 2343 466 2420 Scio,
485 2345 586 2410 etiam
614 2343 709 2427 plura
741 2345 776 2408 in
811 2344 897 2409 bane
925 2351 1050 2428 partem
1084 2344 1178 2410 facile
1210 2344 1348 2429 proferri

220 2452 323 2514 posse,
346 2429 404 2495 scd
422 2450 547 2509 vereor,
571 2452 611 2496 ne
633 2428 730 2511 γλαῦκ’
749 2433 793 2505 εἰς
810 2427 936 2508 Ἀθήνας
958 2430 1043 2495 ferre
1065 2429 1163 2509 dicar,
1188 2451 1262 2496 cum
1283 2431 1348 2496 iam

220 2516 401 2583 Passerins
416 2520 440 2596 ¹)
463 2516 519 2600 qni
552 2514 592 2581 de
622 2516 785 2583 historicis
813 2517 969 2582 orationis
994 2515 1174 2581 rationibus
1203 2538 1262 2599 pro
1290 2537 1349 2582 sna

221 2602 386 2668 indicandi
407 2603 588 2668 subtilitate
610 2604 770 2686 exposuit,
802 2603 862 2670 hac
892 2603 931 2668 de
961 2625 996 2667 re
1023 2602 1137 2685 egerit.
1182 2601 1349 2667 Idunum

222 2695 332 2753 antem
353 2686 550 2754 addiderim:
576 2689 706 2765 „Etiam
729 2697 901 2773 propterea
919 2689 1082 2755 sententia
1103 2688 1264 2755 aWolfic
1276 2709 1349 2772 pro·

110 2839 113 2847 ,
221 2774 328 2857 posita
350 2796 369 2839 a
391 2774 621 2857 probabilitate
648 2776 825 2842 abhorrere
855 2775 994 2853 videtur,
1026 2774 1113 2858 quod
1143 2796 1207 2839 non
1237 2795 1350 2839 eornm

221 2882 293 2926 esse
314 2860 404 2936 solet,
428 2863 484 2944 qui
511 2882 577 2926 non
611 2871 726 2945 suopte
757 2863 891 2944 ingenio
924 2860 1089 2927 excellant
1121 2860 1177 2926 scd
1212 2860 1350 2924 aliorum

221 2947 361 3030 vestigia
382 2955 535 3029 premant
556 2948 666 3030 eisque
687 2969 820 3032 prorsus
842 2948 962 3013 addicti
984 2946 1060 3024 sint,
1083 2947 1111 3010 si
1132 2946 1211 3027 qnid
1228 2966 1349 3010 memo·

222 3029 324 3095 rabile
345 3031 629 3112 elucubraverunt,
652 3034 712 3100 hoo
731 3053 790 3098 sno
812 3031 1016 3097 dissimulato
1039 3031 1170 3095 nomine
1191 3031 1226 3096 in
1243 3031 1351 3115 publi·

223 3134 297 3179 cum
320 3114 425 3193 edere,
449 3126 507 3182 ant
528 3139 610 3199 opus
627 3126 723 3183 su'cm
746 3120 815 3183 eius
838 3118 953 3182 haberi
983 3116 1075 3195 velle,
1106 3138 1202 3199 quem
1231 3117 1350 3182 imitati

223 3208 311 3266 sunt.
356 3202 406 3267 Ae
427 3202 508 3267 certi
530 3202 607 3267 talis
630 3215 709 3282 erat,
732 3224 829 3285 quem
847 3203 989 3268 Wolfius
1013 3210 1178 3268 auctorem
1197 3204 1352 3268 orationis

223 3285 314 3352 illius
336 3287 399 3353 sibi
420 3287 525 3355 finxit.
571 3286 637 3354 Sed
656 3289 737 3355 haec
761 3289 930 3354 hactenns.

309 3374 460 3440 Alterum
484 3374 704 3440 testimonium
728 3383 777 3441 est
798 3375 899 3441 Nonii
922 3375 1081 3454 Marcelli,
1104 3376 1159 3457 qni
1179 3375 1220 3440 ad
1238 3395 1352 3441 vocem

223 3459 358 3538 (aemuli
380 3482 410 3543 p.
435 3465 507 3539 239,
532 3464 566 3539 2)
590 3461 670 3528 baec
688 3461 877 3546 adscripsit:
904 3461 986 3539 „Illo
1008 3460 1136 3527 aemulo
1158 3468 1256 3544 atque
1279 3462 1351 3526 imi-

223 3553 330 3611 tatore
352 3546 536 3611 studiorum
559 3569 766 3614 meorumue
789 3549 957 3614 laborum“
983 3570 1012 3613 v.
1036 3571 1066 3631 p.
1086 3548 1245 3614 Marcello
1272 3554 1297 3625 l,
1323 3553 1351 3612 2.

205 3645 208 3650 “
308 3632 423 3715 Neque
444 3631 497 3698 hie
519 3633 695 3716 quidquam
714 3633 813 3711 addit,
837 3634 923 3699 unde
941 3634 1049 3718 colligi
1062 3635 1173 3716 possit,
1185 3634 1290 3716 ipsius
1302 3653 1353 3699 ae·

224 3724 291 3783 tate
314 3718 415 3784 ullam
438 3718 562 3784 fraudis
594 3720 698 3785 factae
730 3721 948 3804 suspicionem
981 3720 1090 3786 fuisse.
1146 3720 1215 3785 Nec
1246 3719 1352 3803 magis

223 3803 415 3872 Priscianus
437 3804 601 3870 dubitasse
622 3805 761 3883 videtur,
785 3807 864 3888 quin
886 3806 991 3871 oratio
1014 3827 1073 3889 pro
1092 3807 1247 3872 Marcello
1265 3815 1352 3871 recte

223 3889 426 3956 tribueretur
443 3889 603 3967 Ciceroni,
622 3912 709 3971 nam,
732 3891 768 3957 ni
786 3892 833 3957 ita
850 3905 943 3969 esset,
967 3914 1021 3957 eos
1041 3892 1135 3969 locos,
1154 3913 1235 3972 quos
1253 3911 1295 3956 ex
1313 3912 1352 3956 ea

224 3977 406 4062 exscripsit,
425 3999 493 4042 uon
510 3976 582 4044 sine
595 3977 804 4044 adnotatione
823 3979 931 4063 aliqua
949 3978 1122 4044 attulisset.
1151 3978 1244 4044 Haec
1262 3977 1350 4042 onim

178 4094 181 4097 >
223 4063 310 4145 apud
329 4082 403 4129 eum
421 4062 578 4148 leguntur
595 4062 648 4130 lib.
668 4064 732 4130 III.
751 4086 782 4148 p.
803 4070 880 4131 605:
904 4065 984 4130 'Pale
1001 4073 1052 4130 est
1071 4062 1157 4146 apud
1170 4064 1236 4130 Cio.
1254 4085 1284 4145 p.
1304 4062 1350 4143 Ma

312 4252 391 4322 1)1t.
409 4254 520 4310 Passer.
540 4253 639 4324 Opusc.
658 4253 699 4309 ad.
719 4252 761 4322 W.
780 4254 812 4308 Α.
830 4250 940 4308 Pass'oa
959 4251 1033 4321 Lips.
1053 4248 1122 4304 1843
1140 4267 1167 4320 p.
1185 4247 1244 4305 248.
1263 4264 1321 4320 sqq.
