2962 4836
649 215 823 279 ...20-

169 387 352 454 orationum
382 385 586 471 argumentis
617 387 830 453 vehementer
866 384 1036 469 discrepet.
1092 383 1134 451 In
1163 380 1303 449 candem

171 472 369 539 sententiam
391 491 497 556 spero,
526 472 603 550 fore,
635 479 671 537 ut
698 472 769 538 sine
791 470 858 537 ulla
886 469 1089 537 dubitatione
1111 467 1301 547 concedant,

170 561 225 642 qui
251 558 403 642 perlectis
430 558 488 635 cis,
516 578 598 640 quae
625 558 729 623 altera
750 557 997 634 {dissertationis
1018 565 1112 640 parte
1134 555 1187 622 ad.
1205 554 1302 620 refel-

169 644 284 710 lendas
307 642 608 710 animadversiones
630 643 789 709 aWolfio
811 643 846 708 in
867 643 974 727 ipsam
995 642 1176 708 orationem
1199 640 1303 707 factas

170 730 237 796 iam
259 750 424 814 exponere
453 736 503 795 est
523 727 606 793 mihi
636 729 672 793 in
700 729 824 807 animo,
855 729 917 794 sibi
938 728 1175 812 persuaserint,
1204 726 1303 810 longe

170 814 291 898 plures
308 816 394 881 looos
428 813 554 880 insulsa
581 812 722 897 quadam
751 814 933 898 petulantia
960 835 979 879 a
1006 815 1079 880 uiro
1107 812 1201 879 docto
1231 831 1303 893 per·

171 902 290 986 stringi
312 909 345 966 et
366 901 437 967 sine
458 901 546 966 iusta
569 921 667 966 causa
689 900 853 984 castigari.

643 1162 744 1274 Cap.
776 1162 834 1248 ΙΙ.

255 1330 329 1396 Hoc
368 1329 470 1394 altero
513 1326 745 1411 disputationis
792 1328 897 1409 capite
936 1327 976 1392 ad
1017 1349 1055 1393 ea
1094 1329 1302 1413 potissimum

170 1416 293 1482 Wolfio
315 1412 511 1500 respondere
529 1414 612 1479 mihi
634 1422 684 1480 est
705 1415 916 1497 propositum,
947 1433 1030 1496 quae
1052 1416 1104 1480 vel
1127 1415 1169 1479 ad
1190 1435 1301 1499 gram-

171 1502 326 1567 maticam
365 1500 524 1566 ratio'nom
559 1501 716 1566 orationis
753 1500 805 1566 vel
845 1499 887 1564 ad
921 1500 1098 1565 verborum
1135 1501 1300 1585 signifiea-

171 1589 293 1653 tioncm
324 1587 524 1669 pertineant;
554 1607 607 1665 aa,
637 1607 720 1669 qnae
753 1593 887 1671 propter
913 1586 1050 1651 nimiam
1078 1586 1302 1653 adulationem

171 1672 328 1739 Ciceroni¹
359 1671 515 1756 imputari
532 1692 628 1755 posse
647 1678 756 1755 negat,
776 1671 907 1737 silentio
925 1672 1030 1738 sciens
1048 1672 1211 1756 praeterii,
1234 1693 1301 1737 non

172 1779 234 1841 quo
246 1757 407 1837 deessent,
425 1757 542 1841 quibus
555 1757 611 1822 illa
623 1758 757 1823 refutari
768 1763 912 1842 possent,
931 1756 989 1823 sed
1000 1757 1086 1840 quod
1097 1759 1163 1823 iam
1176 1760 1216 1824 ab
1228 1759 1301 1824 aliis

171 1845 218 1909 ita
239 1844 364 1911 revicta
386 1842 590 1922 videbantur,
618 1851 656 1908 ut
677 1864 958 1927 supervacaneum
985 1850 1079 1924 esset,
1107 1843 1215 1910 denno
1237 1865 1300 1924 res,

172 1928 212 1996 de
241 1928 360 2012 quibus
385 1930 452 1995 iam
480 1936 589 1995 actum
618 1936 712 2008 esset,
742 1936 894 1995 tractare.
938 1930 1005 1996 Eos
1027 1931 1129 2014 igitur
1150 1931 1238 1996 locos
1260 1929 1301 1995 ad

172 2015 318 2083 severius
340 2035 479 2080 examen
501 2015 661 2093 revocavi,
685 2013 802 2098 quibus
824 2016 948 2098 priores
970 2014 1156 2082 defensores
1180 2015 1301 2099 aliquid

171 2100 263 2166 dubii
283 2100 509 2184 relinquerent
530 2099 583 2166 val
612 2100 858 2167 criminationes
879 2123 898 2166 a
919 2100 1042 2167 Wolfio
1069 2102 1206 2168 iniectas
1228 2111 1262 2167 et
1283 2121 1302 2167 a

172 2185 367 2271 Spaldingio
389 2192 501 2253 auctas
519 2208 585 2253 non
606 2187 653 2252 ita
671 2187 861 2266 refutarent,
884 2193 922 2251 ut
940 2187 1091 2254 omnibus
1113 2187 1301 2271 scrupulum

173 2272 365 2339 adimerent.

261 2445 310 2511 Ac
339 2444 477 2527 primam
506 2443 638 2526 quidam
666 2444 929 2529 reprehendendi
957 2467 1071 2512 ansam
1092 2447 1243 2531 praebuit
1266 2445 1302 2509 in

174 2530 280 2613 prima
312 2529 530 2613 paragrapho,
563 2529 619 2595 ubi
649 2530 763 2596 Oioero
793 2533 935 2615 exponit,
969 2533 1088 2615 quibus
1120 2533 1218 2598 rebus
1246 2529 1303 2597 ad·

175 2614 292 2680 ductus
314 2615 367 2693 sit,
390 2625 429 2679 ut
451 2615 600 2699 neglecto
622 2615 655 2680 in
679 2624 873 2702 perpetuum
896 2617 1181 2684 tacendiconsilio
1203 2614 1305 2682 verba

172 2700 303 2780 foraret,
316 2709 410 2766 acuto
425 2700 537 2766 critico
549 2703 761 2784 praeteritum
774 2724 884 2777 „eram
896 2712 994 2768 usus“
1008 2703 1119 2767 minus
1135 2700 1304 2768 commode

172 2787 320 2852 iunctum
342 2785 444 2852 verbo
465 2786 623 2864 „attulit“.
657 2786 725 2853 Sed
746 2790 802 2868 eis,
825 2789 943 2872 quibus
965 2786 1094 2852 libellus
1116 2785 1304 2852 illeWolfii

173 2893 240 2938 non
250 2872 286 2937 in
296 2877 450 2955 promptu
463 2877 522 2951 est,
533 2873 605 2956 ipsa
616 2874 716 2940 verba
727 2875 791 2941 viri
805 2873 891 2940 docti
903 2872 1085 2938 adscribere
1099 2872 1201 2938 satius
1214 2869 1304 2938 duxi.

263 2958 518 3035 „Praeteritum“
531 2959 647 3042 inquit,
668 2958 751 3023 illud
776 2980 885 3037 ‚aram
902 2964 1001 3024 usus“
1020 2960 1129 3024 minus
1138 2956 1307 3024 commode
1369 3008 1371 3011 ,

173 3044 322 3109 iunctum
345 3051 395 3108 est
417 3043 515 3109 verbo
540 3044 698 3125 „attulit“,
726 3044 812 3127 quod
834 3046 896 3112 hoc
918 3044 988 3110 loco
1010 3066 1077 3111 non
1101 3045 1222 3122 aoristi,
1246 3062 1304 3109 seu

173 3128 341 3212 praeteriti
368 3129 436 3194 vim
463 3128 578 3206 habet,
612 3127 670 3194 ssd
698 3151 852 3214 praesens
880 3130 928 3195 rei
956 3131 1207 3215 perfecissent,
1239 3149 1304 3211 qua

173 3220 336 3296 potestate
368 3214 518 3296 proxime
552 3215 677 3281 accedit
714 3215 755 3280 ad
788 3216 926 3282 alterum
966 3237 1120 3299 praesens
1155 3216 1302 3296 ,affert“.

174 3298 247 3365 Hoc
269 3318 349 3365 vero
372 3299 450 3381 quid
472 3300 520 3364 rei
542 3300 594 3380 sit,
616 3302 642 3365 si
661 3303 734 3383 quis
752 3302 881 3367 ratione
903 3322 968 3365 non
987 3301 1171 3383 perspiciat,
1194 3301 1303 3367 ouius-

174 3385 226 3451 vis
258 3384 449 3451 recentioris
482 3385 614 3470 linguae
647 3386 797 3468 exemplo
828 3387 974 3450 monitus
1006 3387 1134 3452 sentiet.
1184 3387 1241 3467 Ut,
1274 3385 1303 3450 si

174 3469 256 3536 haec
275 3471 322 3535 ita
343 3476 517 3536 vertantur
536 3470 679 3536 Gallice:
713 3470 779 3550 „Oe
800 3473 878 3555 jour
899 3471 973 3536 finit
999 3473 1089 3537 enlin
1110 3472 1141 3538 le
1171 3473 1301 3551 silence,

174 3576 238 3638 que
262 3555 379 3639 j’avais
407 3556 509 3639 gardo
532 3555 646 3639 depuis
674 3557 898 3642 longtemps“:
931 3558 1068 3636 nemini,
1100 3568 1189 3641 puto,
1222 3557 1303 3623 haec

174 3640 346 3706 translatio
368 3641 537 3724 placuerit,
561 3642 615 3724 qui
638 3650 725 3709 recte
747 3642 861 3709 didicit
882 3643 1052 3710 scribere.“
1139 3661 1150 3666 ’·

260 3725 433 3792 Weiskius
460 3726 550 3793 hunc
576 3727 684 3794 locum
713 3730 761 3794 ita
788 3729 897 3795 studet
925 3729 1110 3809 defendere,
1139 3737 1176 3794 ut
1206 3727 1301 3806 dicet,

176 3810 343 3876 silentium
365 3819 484 3877 natura
505 3813 596 3896 prius
619 3836 689 3880 esse
707 3813 833 3894 debere,
857 3835 955 3898 quam
974 3815 1115 3881 reditum
1133 3812 1174 3878 ad
1192 3812 1302 3896 pristi-

176 3918 255 3961 num
279 3896 406 3963 dicendi
428 3919 561 3976 morem,
592 3900 701 3983 itaque
730 3902 764 3964 in
787 3901 897 3968 verbis
924 3900 1053 3968 diversa
1076 3909 1223 3982 tempora
1243 3917 1302 3962 ex·

175 3981 346 4064 primenda
374 4004 455 4048 esse.
503 3983 632 4048 Deinde
659 3985 750 4050 addit
779 3987 843 4051 tria
872 3989 1037 4071 exempla,
1070 3985 1185 4067 quibus
1213 4003 1302 4050 com·

176 4068 314 4149 probare
335 4076 482 4148 conatur,
512 4068 597 4135 hane
620 4071 788 4136 variorum
811 4073 993 4156 temporum
1018 4073 1202 4136 iuncturam
1225 4090 1302 4135 oon·

175 4153 299 4219 firmari
332 4161 367 4218 et
397 4154 563 4223 communi
600 4157 748 4223 omnium
785 4158 980 4242 scriptorum
1012 4155 1141 4222 dicendi
1173 4176 1236 4222 usu
1269 4158 1303 4222 et
