2962 4836
631 246 872 308 ...17-

227 421 259 484 et
280 413 493 497 abundantia,
523 423 570 482 ut.
588 436 684 500 saepe
706 425 745 481 ut
767 417 802 481 in
821 416 910 481 viliis
928 415 1189 518 perstringendis
1208 425 1243 485 et
1265 419 1352 488 vitu·

225 502 388 589 parandis,
411 504 503 572 sicin
515 501 693 568 virtutibus
710 501 906 568 extollendis
926 509 959 567 et
975 501 1200 586 praedicandis
1218 505 1353 574 modum

225 590 422 668 excederet.)
484 587 552 654 Sed
593 589 673 654 haec
713 607 982 654 commemorasse
1015 589 1094 655 satis
1130 591 1249 671 habeo,
1278 614 1353 659 cum

225 697 267 742 ex
296 676 343 742 eis
371 676 439 740 iam
461 674 571 758 colligi
598 673 709 757 possit,
740 672 899 739 eiusmodi
928 673 1103 741 blanditias
1131 697 1198 742 non
1221 678 1353 745 'alienas

225 783 296 829 esse
329 759 482 827 dicendas
505 760 545 824 ab
567 760 698 843 ingenio
727 766 783 824 aut
815 759 1052 825 consuetudine
1083 760 1259 829 Oiceronis.
1309 765 1353 829 Ei

226 854 346 926 autem,
365 847 422 929 qui
440 846 539 913 etiam
550 866 639 909 nune
657 844 816 923 dubitent,
836 844 920 909 hano
939 847 1119 912 orationem
1131 847 1181 911 illi
1198 849 1350 930 tribuere,

224 932 312 1016 quod
338 952 376 998 eo
401 930 471 996 indi
495 949 538 995 na
565 929 732 1008 videatur,
763 937 918 1014 reputent
947 950 1075 1011 secum,
1099 952 1235 1015 quaeso,
1268 955 1351 1018 quae

223 1019 312 1085 reete
333 1038 387 1082 me
406 952 538 1101 quidem
557 1015 664 1082 indice
686 1019 720 1080 in
743 1015 828 1082 hano
850 1022 978 1099 partem
997 1016 1167 1082 Wormius
1185 1019 1264 1084 dicit
1285 1021 1305 1086 l.
1328 1021 1349 1089 l.

223 1126 255 1188 p.
280 1107 329 1168 33.
375 1102 510 1183 „Oieero
533 1102 599 1179 ille,
621 1121 719 1184 quem
741 1100 896 1186 dignitati
918 1121 996 1166 suae
1018 1103 1200 1168 senatoriae
1217 1112 1252 1169 et
1272 1126 1349 1172 con·

224 1189 335 1267 solari,
364 1189 399 1253 in
420 1187 658 1266 honoratione,
687 1194 756 1251 tam
785 1187 871 1252 male
900 1187 1100 1254 consuluisse
1129 1189 1270 1256 Wolfius
1296 1193 1348 1257 in·

225 1275 388 1360 dignatur,
415 1274 503 1339 idem
538 1279 597 1352 est,
631 1272 688 1355 qui
723 1292 790 1337 non
817 1275 865 1337 ita
892 1271 949 1338 diu
976 1280 1051 1356 post
1077 1274 1157 1339 haee
1190 1281 1347 1357 tempora,

225 1359 406 1427 Octaviano
428 1381 540 1445 puero,
565 1368 634 1424 tam
656 1359 857 1441 suppliciter,
875 1358 1026 1438 demisse,
1045 1360 1208 1425 serviliter
1229 1361 1350 1447 (Bruto

128 1469 130 1473 ’
223 1453 310 1512 certe
330 1445 437 1512 iudice
467 1445 572 1528 Epist.
607 1442 649 1509 ad
670 1444 764 1509 Brut
793 1442 889 1508 XVI.
922 1444 976 1528 17)
1005 1444 1181 1528 adrepebat
1207 1454 1240 1511 at
1269 1446 1349 1513 adu·

222 1531 350 1598 labatur
370 1531 465 1614 quod,
489 1532 559 1597 sive
580 1529 765 1614 ignaviam,
794 1529 1006 1594 dominationi
1030 1529 1216 1611 obnoxiam,
1237 1533 1349 1616 appel·

222 1617 304 1697 lare,
345 1619 414 1683 sive
436 1616 622 1683 cautionem
660 1625 694 1679 et
726 1614 936 1698 prudentiam
971 1616 1115 1697 civilem,
1148 1618 1349 1702 temporibus

221 1702 390 1769 cedentem
420 1710 455 1768 et
480 1709 651 1787 parentem
682 1701 871 1766 necessitati
908 1700 1014 1785 (Fam.
1045 1700 1103 1766 IX.
1132 1707 1150 1765 9
1181 1702 1222 1768 ad
1251 1705 1347 1770 Brut.

224 1792 287 1866 18.)
307 1789 519 1873 interpretari
541 1788 664 1866 mavis;
687 1785 861 1851 admonere
883 1806 943 1851 nos
964 1793 1080 1868 potest,
1112 1785 1152 1853 de
1179 1789 1288 1855 animo
1315 1799 1349 1856 et

219 1875 364 1940 moribus
392 1873 577 1951 Ciceronis,
603 1893 699 1955 quam
729 1892 849 1955 anceps
872 1881 905 1935 et
931 1870 1065 1937 difficile
1092 1875 1137 1937 sit
1156 1874 1347 1941 iudicium.“

220 1961 347 2025 Vereor
369 1967 488 2038 autem,
510 1980 553 2024 ne
571 1959 637 2022 iam
655 1958 759 2041 plura,
778 1978 875 2040 quam
894 1977 976 2040 opus
994 1966 1081 2024 esset
1096 1958 1137 2023 ad
1155 1958 1348 2026 diluendum

219 2044 301 2110 illud
312 2045 429 2109 Wolfii
446 2052 685 2129 argumentum,
704 2042 826 2108 dixisse
843 2041 958 2109 videar
975 2045 1030 2122 eis,
1050 2045 1105 2127 qui
1124 2042 1165 2107 ad
1180 2044 1346 2113 (lioeronis

220 2131 323 2196 vitam
335 2128 572 2197 observandam
589 2130 772 2195 accuratius
784 2127 987 2193 attenderint
1003 2130 1128 2194 animos
1142 2137 1176 2194 et
1194 2133 1346 2197 orationi-

219 2215 279 2283 bus
290 2215 466 2302 diligenter
476 2215 626 2299 perlectis
644 2224 811 2297 tamquam
822 2215 980 2279 finxerint
998 2214 1059 2280 sibi
1070 2236 1183 2281 veram
1193 2218 1345 2300 propriae

219 2303 289 2369 eius
311 2302 448 2370 rationis
465 2302 652 2385 imaginem.
698 2299 737 2364 Id
760 2321 863 2365 unum
882 2307 993 2364 autem
1016 2320 1068 2366 res
1090 2303 1161 2383 ipsa
1178 2303 1345 2386 postulare

218 2387 357 2465 videtur,
380 2395 417 2452 ut
439 2387 634 2452 admoneam
656 2387 777 2450 iterum
800 2406 922 2465 omnes,
946 2386 1002 2468 qui
1025 2384 1269 2453 adorationem
1292 2391 1345 2456 vel

217 2472 390 2558 legendam
413 2473 466 2539 vel
484 2468 740 2556 percensendam
763 2470 928 2550 accedant,
947 2492 989 2536 ne
1009 2471 1253 2553 obliviscantur,
1276 2476 1344 2540 sin-

219 2560 367 2641 gularem
389 2560 460 2624 cius
482 2579 554 2624 osse
576 2564 740 2636 naturam,
767 2577 903 2640 eamque
926 2556 1094 2623 Oiceronis
1116 2578 1187 2624 esse
1216 2579 1344 2626 summa

219 2643 352 2710 laetitia
365 2645 563 2709 exsultantis
586 2664 645 2708 nec
675 2641 788 2708 sedato
811 2644 920 2707 animo
943 2642 1079 2707 dicentis
1100 2653 1158 2708 aut
1181 2645 1281 2711 verba
1301 2646 1343 2709 ad

220 2729 390 2812 dignitatis
419 2751 496 2795 suae
525 2749 675 2793 normam
700 2729 797 2792 anxie
826 2726 1007 2813 dirigentis.
1029 2765 1072 2775 -
1101 2729 1169 2795 Nec
1198 2731 1342 2795 alienum

218 2815 349 2880 videtur
371 2814 498 2894 addere,
521 2814 643 2879 multas
661 2820 694 2878 et
714 2813 905 2880 manifestas
925 2814 1033 2879 inesse
1057 2814 1092 2877 in
1114 2816 1261 2881 oratione
1281 2837 1342 2900 pro

217 2900 376 2968 Marcello
394 2900 549 2967 historiae
567 2906 669 2979 notas,
691 2920 732 2963 ex
751 2900 867 2982 quibus
884 2898 1068 2964 luculenter
1085 2909 1249 2984 appareat,
1268 2923 1342 2967 eam

218 2984 259 3050 ab
280 2987 406 3070 aequali
425 2986 576 3052 Caesaris
597 2985 619 3050 i.
638 3007 664 3050 e.
689 2985 882 3051 aOicerone
900 2984 1044 3049 habitam
1063 2992 1098 3048 et
1113 2985 1232 3051 litteris
1249 3008 1342 3052 man·

218 3069 328 3137 datam
348 3071 528 3157 putandam
551 3091 636 3151 esse;
665 3091 770 3153 neque
792 3070 881 3135 enim
903 3071 1014 3154 lugere
1036 3078 1142 3153 potest
1170 3092 1255 3150 cum,
1285 3072 1341 3156 qui

216 3163 341 3224 attente
363 3157 611 3224 Marcellianum
639 3155 800 3239 perlegat,
827 3154 932 3220 multa
957 3157 992 3219 in
1021 3176 1060 3220 ea
1084 3157 1229 3240 reperiri,
1258 3179 1340 3241 quae

216 3250 250 3307 et
278 3242 319 3309 ad
341 3243 518 3311 Gaesarem
540 3250 573 3308 et
595 3241 637 3306 ad
658 3241 852 3306 Marcellum
874 3241 1074 3325 pertineant,
1104 3262 1186 3325 quae
1214 3244 1273 3308 rix
1302 3263 1339 3308 ao

215 3348 257 3392 ne
279 3329 337 3395 vix
358 3329 488 3412 quidem
510 3327 697 3414 posterioris
715 3327 830 3392 aetatis
851 3326 1024 3407 rhetorem,
1047 3347 1142 3410 quern
1165 3327 1236 3394 eius
1262 3347 1339 3393 auo·

217 3418 319 3477 torem
340 3415 483 3481 Wolfius
506 3413 680 3497 praedicat,
703 3413 838 3479 scivisse
861 3413 1063 3496 comprobari
1087 3414 1197 3495 possit.
1234 3412 1338 3497 Adde,

215 3498 301 3580 quod
336 3521 377 3564 ex
409 3501 466 3566 illa
497 3499 635 3584 epistola
668 3497 708 3562 ad
742 3497 927 3581 Sulpicium
956 3505 1188 3582 argumentum
1222 3499 1338 3583 plenae

213 3585 371 3651 orationis
394 3586 482 3651 nullo
504 3595 598 3669 pacto
616 3584 762 3666 depromi
780 3586 893 3666 potuit.
913 3619 954 3630 —
972 3582 1124 3666 Denique
1146 3584 1217 3667 ipsa
1234 3585 1338 3650 forma

214 3670 370 3736 orationis
392 3672 490 3751 illius,
513 3691 580 3736 non
601 3690 720 3753 parum
748 3669 865 3734 idonea
889 3668 1022 3735 videtur
1052 3667 1093 3734 ad
1120 3671 1337 3753 suspicionem

215 3775 235 3819 a
256 3755 329 3822 tiro
352 3756 445 3825 docto
467 3765 591 3822 motam
621 3754 844 3821 reiioiendam.
888 3754 1021 3837 Duplex
1045 3766 1277 3839 argumentum
1300 3757 1336 3820 in

213 3860 252 3905 ea
272 3850 432 3909 tractatur
454 3851 551 3926 atque
573 3841 713 3906 alterum
742 3839 783 3904 ab
811 3840 913 3905 altero
940 3841 987 3904 ita
1014 3839 1186 3926 discrepat,
1214 3850 1251 3906 ut
1279 3842 1335 3908 vix

211 3926 280 3991 ulla
300 3929 477 4012 probabilis
499 3949 595 3992 eausa
615 3927 818 4005 inveniatur,
841 3946 905 4009 qua
923 3924 1174 3992 declamatorem
1196 3927 1335 4011 aliquem

213 4016 388 4085 adductum
413 4036 485 4081 esse
502 4013 680 4080 verisimile
702 4014 754 4090 sit,
770 4020 821 4076 ‘ut
841 4032 894 4077 res
916 4019 982 4076 tam
1008 4011 1155 4078 diversas
1185 4013 1272 4078 iuter
1299 4032 1335 4077 se

211 4109 379 4187 tamquam
409 4104 445 4167 in
476 4119 580 4166 unum
611 4118 730 4181 eorpus
753 4099 973 4181 coniungeret.
1026 4099 1110 4163 Nam
1140 4120 1207 4164 non
1228 4099 1332 4164 solum

212 4189 252 4255 de
282 4189 442 4257 Marcello
471 4186 549 4252 dicit
573 4192 682 4251 orator
710 4195 744 4250 ct
764 4205 824 4269 pro
852 4205 889 4249 co
916 4186 1070 4250 restituto
1104 4186 1228 4268 gratias
1257 4186 1336 4267 agit,

261 4289 369 4349 Hihne,
381 4293 517 4334 Dissertatio.
1109 4285 1127 4339 2
