2962 4836
637 221 803 284 ..44-

157 393 266 460 fuisse.
311 392 392 458 Elius
420 392 509 457 enim
539 410 673 457 sensum
701 390 793 457 addit
819 396 927 457 orator
957 398 991 457 et
1017 392 1056 457 in
1081 411 1161 475 pace
1189 397 1223 457 et
1240 390 1285 457 'in

156 478 242 546 bello
271 499 400 562 semper
426 498 500 544 cum
530 498 589 542 suc
617 476 814 562 congruisse.
863 476 981 562 Itaque
1009 478 1177 563 aptissime
1209 498 1285 543 sen·

156 565 271 643 tentia,
293 565 431 649 quaein
453 569 502 630 est
524 563 560 627 in
582 565 606 648 ς.
625 567 662 627 16
686 563 728 628 ad
750 564 894 630 nectitur
915 563 956 629 ad
977 584 1025 644 ea,
1048 585 1132 648 quae
1154 570 1285 631 antece·

157 650 240 717 dont
264 672 324 717 neo
347 646 559 728 desideratur,
589 649 618 714 si
640 670 752 715 eorum
774 670 857 733 quae
885 655 995 717 orator
1016 652 1039 735 §.
1063 651 1102 715 15
1124 669 1284 735 exposue-

156 744 218 815 rat,
239 736 400 802 rationem
422 735 576 802 habueris
620 737 810 801 rammatica
832 734 948 802 relatio
970 735 1131 802 formulae
1156 736 1285 819 „Atque

157 823 256 889 huius
273 821 404 906 quidem
427 822 504 887 rei.“
525 858 564 869 ·-
618 842 654 887 ec
672 821 712 887 de
730 822 788 901 eis,
811 842 894 905 quae
912 823 963 888 vir
981 820 1095 889 doctus
1112 820 1153 888 ad
1176 828 1284 887 trans-

157 907 257 975 eundi
284 908 457 974 formulam
482 907 555 987 „Ex
577 913 660 991 quo“
685 908 835 988 adnotat,
865 908 895 974 ei
923 906 1170 976 assentiendum
1193 907 1286 974 vide·

157 1002 220 1061 tur.
257 993 330 1059 Iam
352 1015 453 1078 supra
475 994 621 1079 exposui,
643 992 725 1060 haec
741 994 843 1060 verba
864 1014 931 1060 non
953 994 994 1060 ad
1016 1001 1105 1060 certa
1126 993 1286 1079 quaedam

156 1080 318 1148 enuntiati
336 1078 495 1147 vocabula
512 1079 684 1146 referenda
705 1102 786 1161 esse,
808 1080 866 1147 sed
888 1078 930 1145 ad
950 1088 1054 1146 totam
1075 1080 1286 1160 sententiam,

156 1188 238 1252 quac
260 1165 440 1245 antecedat,
463 1173 626 1249 spectare;
654 1165 744 1231 haud
766 1188 840 1233 raro
862 1167 960 1232 etiam
984 1166 1160 1232 remotiora
1181 1165 1285 1250 respi-

156 1274 238 1335 cere,
267 1252 408 1336 denique
430 1252 501 1318 lieri
523 1273 627 1336 posse,
657 1260 694 1318 ut
714 1252 799 1318 ratio
820 1259 895 1336 post
916 1253 995 1319 talia
1022 1259 1185 1336 sequatur,
1209 1273 1286 1318 oum

155 1361 228 1405 eam
250 1338 463 1405 antecessisse
485 1346 590 1422 putes.
635 1337 680 1404 Se
707 1339 816 1423 ipsum
838 1346 1036 1423 exposuerat
1058 1338 1172 1406 Cicero
1194 1337 1286 1403 nullo

155 1424 352 1510 deprecante
374 1438 407 1490 et
433 1424 574 1508 reliquos
602 1425 820 1508 amplissimos
838 1425 928 1492 viros
957 1425 1019 1492 sibi
1048 1425 1129 1509 ipsis
1158 1430 1192 1490 et
1220 1424 1286 1489 rei·

154 1511 304 1611 publicae
327 1532 346 1576 a
370 1509 510 1579 Caesare
537 1509 680 1577 redditos
702 1532 789 1593 esse;
816 1510 911 1576 illum
939 1518 1049 1577 autem
1078 1532 1143 1576 non
1172 1510 1286 1576 hostes

154 1619 188 1662 rn
210 1597 335 1664 curiam
359 1596 502 1676 duxisse,
526 1617 602 1661 nam
623 1596 828 1675 iudicavisse,
850 1596 1023 1682 plerosque
1044 1617 1175 1681 semper
1195 1595 1286 1679 pacis

155 1690 303 1749 amantes
323 1682 433 1749 fuisse.
464 1682 560 1749 Hanc
577 1683 787 1766 potissimum
809 1703 951 1765 causam,
974 1684 1073 1750 fnisse
1095 1683 1158 1749 sibi
1171 1681 1284 1760 videri,

154 1791 213 1835 cur
234 1769 346 1835 stetim
369 1789 388 1833 a
411 1767 552 1835 ansarc
574 1769 836 1836 restituerentur.
881 1771 997 1920 Itariue
1024 1769 1116 1837 facile
1145 1767 1286 1852 intelligi

60 1879 62 1883 ¹
153 1854 257 1936 addit,
292 1877 375 1939 quae
406 1855 505 1921 fucrit
533 1854 680 1922 Caesaris
708 1855 748 1922 de
776 1856 863 1922 bollo
898 1876 938 1923 vo
953 1862 1059 1934 untes,
1090 1876 1166 1921 cum
1195 1855 1285 1940 pacis

153 1949 301 2008 auctores
329 1941 570 2009 conservandos
598 1942 786 2009 censuisset.
838 1940 912 2023 Quo
941 1942 1014 2007 iure
1046 1941 1150 2026 igitur
1177 1962 1284 2007 nexus

153 2028 401 2106 sententiarum,
424 2028 479 2111 qui
503 2049 545 2093 ex
563 2028 703 2111 periodis
725 2049 765 2093 ea
782 2028 916 2109 ratione,
939 2032 1021 2113 quae
1038 2026 1185 2095 codicum
1208 2048 1284 2093 auc·

153 2113 285 2179 toritate
308 2113 448 2195 nitatur,
477 2113 641 2181 collocatis
663 2114 800 2194 oriatur,
829 2114 1072 2200 perstringatur
1092 2114 1146 2181 vel
1173 2134 1284 2198 reprc-

152 2199 326 2279 hcndatur,
349 2220 416 2265 non
439 2197 542 2266 video.

237 2285 348 2351 Etiam
372 2284 487 2351 deinde
509 2288 533 2370 ᾗ,
561 2292 608 2367 17,
630 2286 737 2369 inquit
758 2285 910 2367 Wolfius,
932 2285 1105 2352 haeremus
1127 2285 1178 2351 in:
1211 2307 1284 2364 „ea-

154 2370 227 2438 dam
250 2371 350 2450 ecie“,
373 2392 439 2437 non
462 2372 550 2437 enim
573 2378 670 2438 antea
691 2371 731 2438 de
753 2373 822 2437 acie
843 2372 983 2457 quadam
1007 2371 1062 2438 vel
1082 2393 1195 2458 pugne
1217 2372 1285 2438 dic·

153 2463 223 2522 tum
245 2464 310 2538 est;
333 2464 366 2522 et
384 2457 455 2524 sive
477 2480 622 2543 pugnam
645 2458 685 2523 ad
704 2458 872 2543 Thapsum
895 2459 965 2526 siue
983 2457 1209 2524 Pharsalicam
1231 2459 1284 2523 in·

153 2542 292 2629 telligas
315 2541 522 2610 scribendum
545 2544 625 2609 adeo
644 2550 741 2628 putes
766 2545 1022 2626 „conservante
1044 2566 1125 2628 quos
1147 2544 1282 2628 potuit“

240 2626 384 2696 Adhaeo
396 2650 500 2714 paene
512 2652 563 2696 me
582 2629 691 2696 taedet
708 2630 915 2714 respondere.
950 2632 1057 2696 'Panto
1075 2631 1165 2696 enim
1183 2631 1283 2697 cavil-

153 2714 242 2781 landi
264 2715 370 2781 studio
398 2714 528 2782 ducitur
550 2717 603 2783 vir
625 2715 748 2798 doctus,
778 2723 902 2783 utnon
931 2716 1059 2783 dubitet
1086 2717 1186 2783 etiam
1208 2738 1283 2801 per·

153 2823 246 2868 verse
278 2802 525 2885 interpretando
556 2802 726 2888 scriptoris
752 2804 854 2869 verba
882 2804 1063 2870 orationem
1096 2811 1281 2889 suspectam

152 2888 297 2954 reddere.
334 2886 418 2970 Quis
435 2910 588 2972 unquam,
610 2910 742 2973 quaero.
764 2889 914 2958 hocloco
932 2890 1145 2976 cogitavitde
1163 2888 1283 2976 pugnis

153 2973 194 3039 ad
222 2974 391 3057 Thapsum
420 2984 454 3040 et
482 2975 680 3042 Pharsalum
709 2977 911 3044 commissis?
955 2977 1024 3043 Nec
1051 2976 1212 3042 Wolfium
1241 2974 1282 3040 de

152 3060 275 3145 proelio
302 3061 523 3145 cogitaturum
550 3063 649 3128 fuisse
679 3072 774 3146 puto,
808 3063 873 3129 nisi
901 3070 968 3129 tam
996 3063 1108 3146 iniquo
1135 3067 1284 3127 uteretur

152 3144 280 3213 iudicio.
490 3164 493 3167 ’

239 3234 292 3298 An
321 3233 406 3319 fugit
427 3233 535 3301 virum
565 3232 797 3315 doctissimum,
826 3235 859 3301 id
888 3235 975 3320 quod
1004 3236 1071 3301 iam
1100 3234 1225 3299 tirones
1246 3234 1282 3298 in

152 3318 270 3386 scholis
302 3318 439 3399 discunt,
473 3319 667 3387 vocabulum
703 3323 820 3400 ‚,acici“
856 3342 921 3387 non
954 3320 1048 3387 modo
1081 3319 1280 3404 „proelium“

152 3406 347 3490 significare,
370 3403 427 3471 sed
448 3405 547 3472 etiam
569 3405 609 3472 dc
626 3407 784 3473 militibus
802 3408 853 3473 vel
877 3408 978 3492 copiis
999 3408 1168 3473 instructis
1186 3427 1282 3472 usur·

151 3492 233 3575 pari,
266 3503 300 3558 et
321 3491 544 3576 metaphorice
570 3491 691 3558 dictum
714 3494 793 3579 poni
820 3514 880 3576 pro
910 3514 1023 3558 eorum
1046 3513 1192 3571 numero,
1227 3492 1282 3575 qui

151 3577 187 3642 in
210 3575 411 3645 dissensione
433 3579 543 3663 aliqua
564 3579 604 3644 ab
632 3578 693 3644 hac
715 3578 858 3647 alterave
877 3588 970 3664 parte
992 3580 1066 3646 sint.
1088 3616 1129 3625 —
1151 3579 1282 3646 Rectis-

152 3663 234 3729 sime
256 3684 275 3727 a
297 3664 454 3730 Oiccrone
477 3686 516 3730 ex
539 3664 653 3729 eadem
675 3663 743 3730 acie
771 3664 801 3730 ei
829 3665 1018 3732 conservari
1040 3663 1201 3744 dicuntur,
1225 3665 1282 3748 qui

152 3749 302 3832 Pompeii
332 3756 439 3815 eastra
468 3751 569 3817 secuti
600 3759 695 3815 erant
717 3750 758 3817 ab
785 3753 918 3836 eiusque
939 3751 1089 3836 partibus
1111 3757 1279 3816 steterant.

239 3834 400 3901 Similiter
427 3845 537 3902 orator
563 3835 642 3902 dicit
670 3857 729 3920 pro
756 3837 830 3922 Lig.
853 3840 876 3922 ξ.
904 3843 922 3901 9
949 3837 1090 3917 „eisdem
1117 3838 1153 3902 in
1181 3836 1281 3902 armis

151 3921 230 3986 fui.“
254 3957 297 3968 -
320 3921 441 3988 (laesar
462 3929 572 3989 autem
602 3923 771 3988 etiamtum
795 3945 860 3988 non
883 3922 1024 4003 desierat
1046 3945 1086 3988 ex
1109 3921 1281 4005 Pompeia·

151 4028 272 4073 norum
299 4029 436 4074 numero
463 4009 613 4073 homines
641 4009 813 4074 restituere
841 4018 873 4075 et
902 4031 1104 4076 conservare.
1150 4009 1281 4074 Avero

151 4093 253 4178 igitur
286 4097 482 4173 recessisset,
506 4094 629 4174 Oioero,
664 4095 692 4159 si
725 4092 911 4180 scripsisset
943 4095 985 4174 id,
1019 4093 1105 4178 quod
1137 4094 1281 4160 Wolfius

151 4181 333 4264 proposuit:
360 4180 595 4260 „conservavit
622 4202 702 4264 quos
724 4181 861 4265 potuit.“
908 4179 975 4247 Sed
998 4202 1119 4261 vereor,
1152 4200 1192 4245 ne
1214 4180 1280 4245 iam
