2962 4836
652 219 825 282 -ar-
925 180 928 185 ’

174 388 410 459 consuetudine
433 388 599 456 Ciceronis
627 391 766 473 propria
811 389 923 456 Unum
951 392 1033 474 petit
1061 412 1102 456 ex
1129 391 1201 475 ipsa
1227 410 1301 456 crc-

173 478 264 543 tione
286 478 309 560 ξ.
338 480 374 539 12
400 476 544 554 „viceras
565 513 607 526 -
630 475 756 542 vicisti“
781 474 920 541 alterum
940 474 989 540 *ex
1016 477 1074 542 illa
1100 476 1237 561 epistola
1259 474 1301 543 ad

173 563 268 629 Fam.
291 560 351 625 IV.
375 565 395 624 t
421 559 628 640 „statueram
653 598 689 606 -
713 562 849 645 fregit“;
883 562 1016 633 tertium
1040 584 1082 627 ex
1103 562 1197 649 Fam,
1220 561 1299 628 VII.

174 653 214 713 22
247 646 492 726 „redieram-
514 652 660 713 notant.“
706 647 792 713 Mihi
821 655 931 712 autem
960 648 996 713 hi
1022 647 1087 714 loci
1116 669 1182 713 uon
1212 669 1299 714 com·

172 732 268 800 mode
298 733 395 799 alecti
424 731 586 800 videntur.
631 732 745 798 Paullo
772 733 867 798 aliter
896 732 986 798 enim
1014 735 1193 818 comparati
1222 740 1301 799 sunt

173 827 271 903 atque
293 820 356 896 hic,
386 815 426 884 de
453 839 516 902 quo
544 819 672 902 egimus
700 817 798 884 locus.
843 818 884 883 In
906 839 943 884 eo
966 819 1053 885 euim
1075 841 1142 885 non
1164 818 1302 886 offendit

173 904 315 971 Wolfius
333 925 393 970 neo
411 904 575 970 offendere
599 904 721 989 potuit,
745 903 830 987 quod
848 903 1203 990 plusquamperfectum
1226 926 1300 973 cum

171 990 327 1076 perfecto,
357 989 443 1074 quod
466 990 577 1056 coristi
606 990 677 1057 vice
706 990 861 1074 fungitur,
891 988 1100 1055 coniunctum
1123 992 1299 1070 invenitur,

172 1077 229 1144 scd
250 1076 284 1141 id
306 1097 490 1161 repugnare
510 1074 698 1159 vulgaribus
719 1077 1005 1159 grammaticorum
1023 1077 1203 1162 praeceptis
1225 1099 1300 1144 cen·
1424 1159 1427 1163 ,

173 1169 232 1244 set,
254 1162 337 1246 quod
360 1164 539 1246 perfectum
561 1162 718 1244 temporis
740 1161 921 1245 praesentis
942 1163 977 1227 vi
1001 1164 1178 1248 praeterito
1202 1185 1300 1242 „usus

171 1256 280 1316 oram“
305 1249 453 1313 iunctum
475 1248 525 1314 sit.

256 1334 371 1413 Neque
382 1334 562 1414 Wcrmius,
586 1352 784 1417 quamquam
807 1341 893 1401 recte
910 1342 1030 1414 monet,
1054 1335 1095 1400 ad
1112 1334 1301 1420 linguarum

171 1421 390 1486 recentiorum
412 1419 696 1497 consuetudinem,
726 1425 908 1502 temporum
938 1420 1117 1486 latinorum
1140 1421 1300 1487 rationem

172 1513 259 1572 recte
281 1506 334 1571 exi
360 1506 366 1519 '
392 1527 459 1570 non
478 1526 583 1589 posse,
613 1503 790 1653 quidguam
812 1506 916 1585 affert,
947 1507 1034 1589 quod
1056 1513 1169 1591 aptum
1193 1506 1297 1572 sitad

173 1611 220 1670 ea,
243 1612 326 1676 quae
391 1591 486 1657 ollius
504 1590 629 1670 statuit,
653 1611 688 1655 re
712 1591 889 1674 arguenda.
923 1591 1015 1659 Dicit
1036 1592 1300 1660 consecutionem

172 1683 365 1761 temporum,
389 1698 485 1760 quam
503 1677 709 1760 grammatici
727 1675 901 1760 appellent,
924 1699 994 1744 rem
1011 1679 1046 1743 in
1067 1677 1182 1763 lingua
1198 1678 1301 1744 latina

171 1764 320 1829 omnium
343 1762 568 1829 difficillimam
593 1782 663 1827 esse
686 1768 720 1827 et
748 1769 821 1826 tum
843 1762 961 1830 leviter
981 1763 1066 1830 hauc
1088 1785 1158 1829 rem
1179 1766 1226 1829 ita
1247 1763 1299 1830 ab·

171 1849 279 1928 solvit,
302 1856 340 1913 ιιι
362 1848 458 1927 dicat,
482 1848 545 1914 sibi
567 1845 672 1915 videri
692 1849 830 1913 formam
852 1850 1006 1932 temporis
1028 1849 1300 1933 periphrasticam

174 1956 273 2014 „usus
295 1941 403 2000 eram“
429 1934 583 2014 effecisse,
613 1941 651 1998 ut
678 1933 759 2000 haec
779 1934 902 2000 Wolfio
925 1935 1112 2019 displiceret
1133 1936 1284 2002 iunctura
1291 1959 1300 2017 3
1395 1989 1398 1993 ,

171 2023 280 2087 minus
307 2020 446 2087 fortasse
476 2041 551 2086 eum
580 2021 781 2086 offensurum
807 2020 907 2086 fuisse
941 2027 1036 2105 putat
1062 2022 1098 2085 in
1131 2020 1187 2087 illo
1219 2021 1299 2101 looo,

171 2108 199 2174 si
221 2114 332 2173 orator
352 2107 507 2172 dixisset:
538 2104 688 2184 „Silentii
711 2144 747 2154 -
772 2105 858 2189 qnod
880 2115 1049 2172 tenueram
1071 2107 1125 2172 vel
1148 2105 1300 2172 tenebam

174 2232 202 2244 -
235 2194 336 2259 finem
359 2192 498 2258 attulit.“
543 2192 617 2258 Hac
638 2192 764 2258 ratione
788 2194 921 2257 omnino
942 2191 1027 2258 nihil
1052 2193 1181 2276 probari
1204 2213 1300 2258 nemo

171 2286 229 2360 est,
252 2279 331 2363 quin
354 2277 525 2363 intelligat.

255 2363 342 2430 Mihi
374 2363 470 2429 aliter
502 2363 542 2429 de
575 2369 643 2429 toto
683 2363 754 2431 loco
787 2363 996 2429 statuendum
1031 2362 1167 2429 videtur.
1218 2365 1299 2429 Per-

170 2451 291 2517 fectum
321 2451 408 2515 enim
436 2449 584 2529 ‚,attulit“
606 2468 817 2533 'quamquam
847 2470 946 2533 prope
975 2449 1016 2514 ad
1046 2455 1175 2532 tempus
1204 2470 1299 2534 prae·

171 2557 247 2601 sens
279 2535 417 2616 accedit,
450 2543 560 2601 tamen
594 2536 744 2620 fungitur
776 2535 888 2600 coristi
918 2556 1064 2600 munere.
1116 2534 1200 2600 Nam
1233 2537 1300 2600 iam

171 2621 229 2686 illo
256 2622 327 2704 ipso
354 2629 509 2705 tempore,
539 2641 603 2705 quo
626 2620 749 2687 (laesor
771 2630 905 2704 repente
932 2629 1063 2705 praeter
1090 2642 1183 2705 spem
1205 2619 1299 2702 dixit,

173 2727 213 2775 se.
237 2707 380 2788 senatui,
410 2707 540 2792 roganti
562 2707 603 2773 de
625 2707 781 2774 Marcello
804 2729 844 2772 ne
872 2706 1015 2774 hominis
1042 2707 1172 2790 quidem
1202 2727 1300 2773 causa

172 2801 384 2878 negaturum,
415 2792 529 2859 Oioerc
556 2793 728 2861 consilium
748 2800 895 2859 mutasse
917 2800 949 2858 et
977 2794 1157 2860 orationem
1178 2791 1299 2858 habere

172 2879 324 2945 statuisse
345 2879 511 2962 putandus
534 2886 600 2960 est;
629 2879 883 2965 deindesscmnes
904 2886 980 2944 ante
1003 2900 1077 2944 eum
1100 2879 1299 2944 seutentiam

172 2965 279 3048 rogati
310 2966 434 3048 gratias
456 2965 589 3032 Caesari
590 2978 610 3050 g
622 2973 774 3050 egerant;
808 2972 879 3030 tum
913 2963 1047 3030 tandem
1079 2965 1149 3046 ipsa
1172 2964 1301 3029 exstitit

171 3047 267 3135 plura
287 3050 386 3116 verba
407 3051 561 3117 facturus.
607 3049 695 3116 Illud
722 3051 823 3135 igitur
851 3058 981 3134 tempus
1010 3048 1202 3133 respiciens,
1236 3070 1300 3133 quc

102 3192 111 3204 .
172 3134 282 3200 animo
304 3145 517 3219 proposuerat
543 3137 630 3220 loqui
657 3137 808 3220 pluribus
830 3143 906 3220 apte
928 3143 1038 3202 orator
1066 3135 1173 3201 dicere
1195 3135 1300 3219 potuit

175 3222 352 3299 „Diutumi
383 3222 520 3301 silentii,
551 3244 680 3305 —quo
713 3242 803 3287 eram
835 3244 913 3288 usus
945 3222 997 3288 his
1030 3221 1230 3306 temporibus
1257 3257 1300 3267 —

173 3309 273 3373 finem
295 3306 474 3375 hodiernus
496 3308 564 3375 dies
587 3308 727 3375 attulit.“

259 3391 362 3474 Adde,
385 3393 587 3477 quodetiam
606 3395 662 3474 cis,
685 3415 769 3478 qnae
792 3395 1036 3479 subiunguntur
1061 3413 1161 3476 „quac
1179 3390 1299 3457 vellem

173 3498 320 3562 quaeque
342 3481 517 3545 sentircm“
543 3487 710 3564 tamquam
730 3481 881 3546 iubemur
903 3480 1043 3545 formam
1068 3476 1215 3557 ‚‚ettulit“
1240 3499 1299 3563 pro

171 3566 348 3646 praeterito
370 3567 525 3649 accipere.
569 3567 655 3631 Nam
678 3567 706 3632 si
726 3565 809 3631 illud
834 3565 980 3643 ‚,attulit“
1005 3568 1073 3630 fere
1095 3564 1180 3628 idem
1204 3572 1299 3644 esset,

173 3654 270 3732 atque
295 3651 427 3727 „affert“
448 3652 599 3717 Ciceroni
620 3651 793 3718 dicendum
815 3653 932 3717 fuisset
956 3673 1057 3736 „quae
1080 3650 1177 3716 velim
1200 3670 1299 3732 quae·

173 3755 235 3819 que
258 3737 435 3817 sentiam;“
460 3738 516 3804 sed
537 3740 598 3803 hoc
620 3740 676 3804 vix
705 3739 910 3803 convenisset
932 3739 1129 3803 Latinorum
1151 3737 1234 3802 usui.
1257 3772 1300 3782 —

172 3820 286 3902 Neque
318 3822 461 3888 alienum
494 3824 638 3905 videtur,
672 3824 736 3889 alio
771 3822 931 3888 eiusmodi
960 3822 1110 3906 exemplo
1138 3821 1202 3901 uti,
1237 3843 1300 3904 qno

172 3905 300 3973 facilius
322 3908 534 3994 intelligatur,
558 3912 617 3976 vix
639 3910 814 3993 quidquam
838 3929 908 3975 csse
930 3909 987 3974 illo
1007 3909 1077 3974 loco
1099 3908 1298 3973 offensionis.

173 3989 212 4057 Si
240 3992 336 4059 haec:
373 3995 500 4072 „Hodie
531 3996 586 4062 vel
610 4018 696 4063 nuno
727 3997 832 4078 ipsum
860 3996 969 4074 statui,
1003 3995 1056 4061 vel
1078 3994 1224 4059 animum
1247 3992 1298 4057 in·
1398 4024 1401 4031 ⁴

173 4080 269 4161 duxi,
303 4103 400 4166 quam
425 4081 530 4147 adhuc
559 4090 592 4147 te
621 4082 804 4148 celaveram
834 4101 904 4145 rem
934 4080 990 4146 tibi
1018 4079 1144 4164 aperire
1167 4076 1298 4161 etquid

174 4165 215 4232 de
252 4190 291 4234 ea
323 4169 479 4235 sentirem
517 4176 698 4253 exponere“
732 4169 811 4234 ferri
848 4187 943 4251 possa
982 4164 1197 4244 concesseris,
1231 4185 1297 4231 non
