2962 4836
651 261 827 325 ..qq-m

169 425 261 509 quasi
283 430 396 494 auctor
419 426 571 495 dixisset:
618 429 724 511 Quem
748 430 912 498 cernimus
934 449 972 493 ea
1002 434 1117 494 monte.
1138 430 1173 492 ct
1196 446 1299 511 sensu

170 533 250 577 esse.
295 513 427 580 Durum
450 512 622 581 videbatur
640 517 764 582 auctori
789 523 952 593 „mentem
971 513 1108 579 alicuius
1128 518 1300 583 etsensim

170 606 341 679 cernero“;
365 614 425 666 nec
454 600 629 681 immerito,
659 602 721 666 otsi
749 601 969 686 panegyricus
997 600 1138 682 scriptor
1168 598 1300 666 sacculo

170 682 371 751 deformatae
393 685 525 771 linguae
547 709 613 752 non
635 685 797 753 dubitavit
827 686 1037 764 „mitissimos
1060 707 1176 751 sensus
1205 685 1297 767 prin-

170 770 250 853 oipis
277 770 436 850 intueri“,
464 773 648 838 Eumenius
676 773 711 837 in
736 773 944 838 Oonstantin.
971 775 1058 855 Aug.
1087 793 1114 836 θ.
1144 774 1194 836 20.
1244 771 1300 839 Ita

170 877 247 923 vero
270 856 323 922 hic
346 858 379 922 in
401 856 488 923 aliud
518 857 634 925 incidit
656 858 785 938 durum,
816 858 874 924 ssd
896 860 1047 942 argutius
1077 857 1209 933 dictum,
1243 877 1299 933 „os

146 984 148 989 ·
170 942 353 1008 cernimus“
374 942 405 1008 h.
429 965 455 1009 θ.
475 945 606 1011 vultum
624 945 734 1022 talem,
753 967 795 1010 ex
813 966 876 1027 quo
894 963 1022 1010 summa
1044 941 1172 1009 bonitas
1192 942 1300 1010 elucet

169 1034 203 1093 θλ
226 1028 406 1095 clementia.
452 1029 594 1110 Durum,
615 1031 766 1114 inquam:
797 1029 1001 1108 ἀκατάλληλος
1031 1028 1121 1094 enim
1147 1035 1198 1095 est
1220 1049 1297 1094 con-

168 1114 303 1179 structio
328 1136 383 1192 „os
404 1118 578 1194 cernimus,
601 1126 639 1182 ut
660 1154 700 1164 -
725 1117 857 1183 volis““.
883 1116 958 1182 Hoc
975 1124 1026 1181 ost
1047 1115 1154 1198 potius
1172 1113 1297 1181 colum·

169 1201 254 1265 niari
274 1203 467 1285 scriptorem
490 1223 601 1286 quam
615 1210 703 1269 recto
725 1202 947 1286 interpretari.
996 1200 1193 1283 Suspectum
1222 1198 1298 1265 rod·

169 1285 246 1352 dere
276 1295 412 1353 conatur
444 1288 587 1354 Wolfius
621 1290 758 1354 verbum
801 1287 994 1367 „oernendi“
1036 1285 1202 1353 afferendo
1238 1285 1303 1353 illo,

168 1373 362 1472 panegyrici
382 1374 542 1457 exemplo,
567 1395 673 1457 neque
695 1383 805 1441 tamon
834 1374 1108 1458 intelligentiores
1138 1370 1299 1438 eiusmodi

169 1459 308 1525 artificio
329 1457 479 1543 decipiet,
501 1481 573 1526 oum
603 1468 763 1542 quantum
787 1460 919 1527 intersit
948 1463 1035 1524 inter
1058 1458 1193 1523 verbum
1225 1457 1297 1533 „in-

170 1543 303 1609 tuendi“
328 1554 361 1609 et
386 1546 578 1623 „cernendi“
602 1547 715 1612 sciant.
762 1546 850 1627 Quid
872 1554 981 1611 autom
1004 1544 1079 1610 duri
1108 1544 1151 1608 sit
1172 1543 1207 1608 in
1233 1544 1298 1611 hoo

169 1631 269 1696 verbo
293 1629 335 1695 ad
365 1637 508 1698 mentem
538 1639 572 1698 θλ
600 1652 716 1699 sensus
743 1633 847 1698 relato
877 1652 1009 1716 prorsus
1035 1650 1103 1696 non
1132 1649 1298 1712 assequor.

170 1714 315 1782 Cernere
336 1718 476 1783 enimet
496 1718 536 1782 de
558 1718 660 1783 oculis
689 1727 722 1784 et
749 1718 789 1784 de
818 1717 927 1784 animo
956 1716 1140 1801 promiscue
1168 1715 1304 1801 dicitur,-

164 1822 276 1886 ¹neque
298 1802 366 1869 ulla
388 1824 441 1869 res
458 1804 553 1870 facile
575 1805 711 1889 cogitari
734 1812 852 1888 potest,
875 1803 916 1869 ds
934 1824 998 1888 qua
1022 1824 1087 1868 non
1110 1801 1206 1868 licoat
1227 1821 1303 1869 oor·.

169 1886 269 1953 nendi
291 1890 391 1955 verbo
414 1889 473 1969 uti,
496 1890 582 1973 quod
604 1890 685 1957 haec
710 1890 862 1975 exempla
890 1890 1023 1956 docent:
1054 1890 1128 1953 Tor.
1161 1886 1247 1953 And.
1269 1882 1296 1952 L

172 1979 198 2054 1,
225 1978 285 2038 108
308 1982 344 2040 nt
367 1983 561 2042 consuetum
581 1976 676 2042 facile
699 1997 844 2043 amoram
867 1997 1027 2043 cerneres.
1080 1973 1147 2040 oie.
1172 1973 1212 2038 de
1234 1971 1298 2057 leg.

154 2072 237 2145 'agn
263 2064 291 2139 2,
315 2065 345 2140 4,
369 2064 387 2124 9
411 2082 590 2144 quaecum
614 2083 674 2147 ego
692 2084 759 2128 non
779 2063 884 2129 solum
909 2062 1102 2146 suspicarer,
1126 2057 1183 2125 sed
1200 2059 1301 2142 plene

170 2167 346 2213 cernerem.
399 2146 466 2214 (iic.
491 2168 559 2213 sen.
582 2151 633 2226 23,
656 2153 697 2213 83
720 2150 852 2214 animus
874 2149 949 2232 plus
970 2147 1076 2214 cernit
1104 2155 1137 2211 θλ
1157 2145 1298 2229 longius.

259 2231 421 2298 Similiter
438 2232 523 2317 quod
536 2235 602 2300 lere
619 2234 706 2300 idem
718 2243 769 2300 est
790 2233 926 2300 verbum
944 2231 1079 2298 videndi
1101 2251 1175 2297 cnm
1187 2229 1299 2295 animo

170 2318 382 2385 coniunctum
404 2320 584 2403 reperitur:
609 2320 696 2387 Phil.
720 2320 764 2387 X.
792 2326 838 2384 17.
884 2320 1008 2403 Atquin
1031 2319 1130 2384 huius
1151 2317 1300 2383 animum

169 2424 246 2488 ergo
269 2405 314 2470 Μ.
333 2405 476 2471 Brutum
499 2404 709 2559 studiumqsue
729 2407 868 2473 vidistis.
901 2442 933 2452 -
957 2406 1051 2471 Verr.
1068 2405 1109 2469 V.
1133 2409 1179 2469 14.
1214 2401 1300 2469 Oum

169 2490 379 2556 servitiorum
417 2493 543 2558 animos
582 2494 618 2557 in
678 2493 764 2560 ioilia
796 2512 972 2576 suspensos
1008 2498 1140 2574 propter
1178 2488 1301 2555 bellum

169 2575 287 2642 Italiae
308 2576 522 2662 fugitivorum
545 2578 680 2645 videret.
703 2626 716 2641 .
746 2598 752 2606 ·

257 2660 325 2727 Sed
347 2685 462 2730 vereor
483 2686 525 2729 ne
547 2664 613 2730 iam
635 2666 723 2731 iusto
745 2665 840 2749 plura
860 2664 962 2732 verba
983 2663 1098 2729 iecisse
1121 2659 1233 2726 videar
1255 2659 1297 2724 ad

170 2768 240 2815 rem
258 2747 425 2828 tuendam,
448 2770 530 2832 quae
548 2750 632 2815 nihil
650 2750 770 2816 habeat
787 2751 986 2819 offensionis.
1016 2749 1056 2814 Id
1078 2754 1187 2813 autom
1210 2754 1299 2811 recto

114 2882 117 2885 Α
169 2834 313 2901 Wolfius
323 2836 458 2916 monuit,
481 2835 602 2901 durum
624 2858 696 2903 esse
712 2838 829 2917 locum,
848 2836 935 2920 quod
953 2834 1115 2919 particula
1134 2839 1207 2911 „nt“
1228 2851 1296 2928 non

169 2920 314 2999 haberet,
343 2942 406 3003 quo
433 2923 617 2988 referretur.
670 2923 739 2988 Vix
768 2924 857 2988 enim
885 2922 935 2989 ad¹
953 2921 1160 2987 artificiosam
1189 2915 1294 2999 erph-

169 3006 266 3072 candi
292 3008 453 3074 rationem
490 3009 667 3093 confugere
699 3031 887 3092 possumus,
923 3028 1019 3091 quam
1047 3007 1086 3071 Ε.
1116 3003 1294 3071 Richterus

168 3092 243 3156 iniit
264 3099 412 3160 statuens
434 3095 640 3160 enuntiatum
662 3117 681 3159 a
703 3096 930 3163 coniunctione
953 3099 1027 3171 „ut“
1052 3091 1212 3173 incipiens
1237 3109 1296 3172 per

170 3180 366 3262 epexegesin
393 3178 545 3245 liberiore
572 3179 669 3246 modo
699 3181 855 3247 additum.
916 3178 1067 3257 Accedit,
1096 3175 1182 3259 quod
1214 3171 1303 3239 illud.
1379 3242 1382 3248 ,
1472 3160 1473 3189 ³

173 3270 247 3341 „os“
272 3264 299 3330 si
321 3263 469 3332 codicum
492 3267 720 3333 auctoritatem
743 3268 927 3350 sequimur,
949 3266 1060 3348 inepto
1088 3262 1297 3345 coniungitur

170 3368 245 3419 cum
269 3350 434 3431 vocabulis
465 3360 628 3429 „montem
658 3359 866 3437 sensusque“,
895 3373 969 3418 oum
998 3349 1090 3416 nulla
1115 3345 1299 3414 intercedat

170 3436 313 3502 notionis
331 3437 520 3503 similitudo.
565 3439 741 3505 Praeterea
759 3438 934 3504 admodum
954 3434 1149 3520 languidum
1166 3432 1298 3501 videtur

170 3520 1297 3608 vocabulnmantcoedontibusverbis„quempraesentemintuemur“.

172 3607 275 3685 Adde,
296 3609 382 3690 quod
405 3611 574 3676 abhorruit
601 3611 762 3676 aratione
784 3612 871 3677 vitae
893 3608 1075 3674 communis
1104 3613 1139 3671 et
1164 3604 1298 3670 urbani·

172 3693 249 3758 tatis
277 3694 313 3757 in
341 3714 460 3778 magno
487 3696 659 3762 hominnm
697 3704 792 3763 coetu
820 3696 1003 3781 praesentis
1032 3692 1171 3760 alicuius
1200 3710 1236 3756 os
1264 3696 1299 3754 et

172 3778 299 3845 vultum
325 3782 588 3861 commemorari,
619 3803 681 3866 quo
711 3784 895 3849 excitentur
922 3803 1034 3848 omnes
1062 3778 1102 3845 ad
1130 3776 1299 3843 hominem

171 3863 368 3931 intuendum
390 3866 485 3931 etad
512 3868 702 3934 iudicandos
724 3871 794 3936 cius
816 3891 858 3935 ex
886 3867 981 3934 vultu
1010 3885 1134 3933 sensus.
1189 3861 1295 3940 „Oro

171 3959 421 4018 commemorato
442 3974 478 4019 se
502 3975 606 4037 paene
636 3954 777 4020 ludibrio
807 3954 920 4021 haberi
947 3952 1137 4021 credidisset
1166 3950 1297 4035 Caesar,

171 4057 397 4120 quemcunque
419 4040 613 4105 ostendisset
635 4041 773 4117 vultum,
796 4041 897 4107 oculis
924 4040 1070 4111 omnium
1092 4037 1128 4101 in
1158 4058 1193 4101 se
1221 4054 1311 4104 com.

173 4123 286 4189 versis.
316 4123 500 4190 Modestius
521 4127 666 4208 prolecto
687 4132 721 4191 θλ
741 4126 924 4211 elegantius
947 4124 1139 4191 dicebantur
1164 4124 1296 4199 „mens“
1415 4144 1421 4153 ·

173 4207 322 4293 (laeseris
355 4219 387 4275 et
417 4218 570 4290 „sensus“
602 4214 701 4278 osmi.
762 4213 914 4301 Denique
945 4212 1056 4279 omnia
1088 4229 1148 4275 nos
1182 4207 1311 4277 (1000er
