2962 4836
592 251 732 312 ..8-

185 420 294 502 Atque
315 419 378 487 hae
400 420 435 485 in
453 441 489 487 re
512 440 585 486 eam
608 420 771 488 rationem
791 421 884 506 sequi
898 420 1041 488 estmihi
1058 421 1094 489 in
1113 422 1232 503 animo,
1284 446 1288 457 ¹

98 515 136 574 ιιι
163 507 357 591 priusquam
394 507 434 572 de
461 506 607 577 oratione
635 508 706 592 ipsa
734 506 851 587 dicam,
886 507 926 574 de
956 508 1153 576 testimoniis
1181 507 1260 574 vel·

99 593 388 680 grammaticorum
419 593 472 658 vel
511 592 615 677 ipsius
648 592 817 661 Ciceronis
846 594 959 679 paucis
990 592 1157 672 disseram,
1192 616 1233 658 rx

100 679 220 765 quibus
242 678 426 745 luculenter
456 686 623 764 appareat,
651 680 741 748 huno
770 687 934 747 oratorem
963 679 1138 765 aliquando
1174 700 1233 765 pro

100 768 148 833 M.
171 765 329 832 Marcello
352 766 453 833 verba
473 767 596 844 fecisse,
626 775 659 830 et
687 775 756 832 tum
791 764 922 832 demum
956 787 1120 851 quaeram,
1153 787 1233 833 num

101 875 159 937 per
181 873 287 936 genus
310 850 438 918 dicendi
459 851 565 931 liceat,
588 859 628 916 ut
648 852 744 933 hano,
767 873 849 936 quae
878 852 919 918 ad
945 862 1058 919 nostra
1087 860 1235 937 tempora

101 940 297 1023 pervenerit,
318 939 506 1018 orationem,
529 937 668 1004 eandem
690 945 871 1005 asserente
893 946 1088 1006 statuamus.

188 1020 302 1090 Primo
333 1023 404 1091 loeo
435 1024 565 1091 Asconii
597 1023 739 1090 Pediani
772 1024 997 1092 testimonium
1030 1023 1235 1092 afferendum

102 1120 168 1190 est3
187 1110 248 1176 hoo
271 1111 359 1175 enim
382 1119 556 1194 propterea
573 1111 710 1176 maximi
731 1111 944 1178 iudicandum
966 1110 1097 1184 uidetur
1113 1111 1150 1177 in
1173 1110 1236 1176 hac

102 1218 202 1266 eausa
239 1196 460 1280 disceptanda,
501 1194 589 1281 quod
622 1196 711 1264 hunc
745 1197 852 1264 virum
887 1198 1113 1265 doctissimum
1146 1195 1235 1262 haud

102 1284 207 1350 multo
230 1289 304 1366 post
326 1283 519 1349 Ciceronem
549 1292 718 1349 mortuum
748 1284 893 1369 uiguisse
926 1293 959 1351 et
989 1292 1057 1350 tarn
1090 1283 1235 1368 peritum

103 1391 183 1438 usus
205 1368 352 1435 Tulliani
373 1368 474 1436 fuisse
494 1375 631 1447 constat,
649 1378 687 1434 ut
708 1368 766 1435 vix
788 1389 826 1436 ao
847 1392 889 1435 no
911 1370 968 1438 vix
981 1370 1236 1454 quidemasuae

104 1457 219 1523 aetatis
243 1455 471 1535 declamatore,
494 1476 591 1539 quem
614 1454 757 1523 Wolfius
783 1456 941 1525 orationis
969 1465 1135 1525 auctorem
1165 1475 1236 1522 esse

104 1543 184 1621 vult,
208 1564 284 1606 eum
306 1541 412 1625 decipi
432 1541 589 1625 potuisse,
612 1562 736 1621 omnes,
758 1562 859 1627 penes
881 1564 962 1626 quos
991 1541 1123 1625 quidem
1149 1541 1236 1607 eius·

105 1628 194 1696 modi
216 1648 329 1692 rerum
351 1627 511 1696 iudicium
532 1627 586 1707 sit,
615 1627 711 1693 facile
739 1627 938 1714 intelligant.
983 1627 1050 1703 Hic
1078 1628 1183 1714 igitur
1200 1628 1236 1692 in

105 1721 313 1781 commentat.
337 1712 378 1779 ad
400 1714 503 1781 divin.
527 1734 596 1798 cap.
620 1717 649 1778 6.
672 1713 713 1780 ad
732 1713 833 1781 rerba
847 1715 1007 1793 „Etiamsi
1026 1722 1143 1796 tacent,
1156 1714 1237 1781 satis

106 1802 237 1867 dicunt‘
277 1800 366 1866 hunc
404 1800 511 1867 locum
546 1823 587 1866 ex
628 1799 692 1868 Cic.
725 1810 806 1867 orat.
840 1822 901 1883 pro
933 1800 1092 1868 Marcello
1125 1800 1235 1867 affert:

106 1888 181 1966 (IV.
208 1891 261 1964 12)
279 1886 415 1966 Vereor,
438 1895 476 1953 ut
496 1887 567 1966 hoc,
590 1885 676 1970 quod
700 1886 806 1953 dicam
828 1888 965 1972 perinde
982 1886 1124 1973 intelligi
1133 1885 1238 1988 possit

106 1973 231 2054 auditu,
257 1976 355 2056 atque
384 1993 445 2058 ego
478 1974 549 2057 ipse
581 1972 729 2056 cogitans
762 1974 883 2040 sentio:
916 1973 1099 2040 Victoriam
1131 1992 1237 2057 rpsam

107 2060 223 2128 vicisse
245 2058 399 2126 videris.“
442 2057 519 2141 Qua
541 2079 583 2124 ex
604 2079 641 2124 re
663 2079 730 2124 non
752 2067 877 2126 temere
894 2059 1005 2145 colligi
1023 2065 1138 2144 potest,
1150 2060 1238 2125 hano

107 2146 300 2223 orationem,
323 2164 407 2228 quae
428 2144 593 2211 intrante
623 2144 745 2211 habeat
776 2145 874 2212 hodie
906 2145 1075 2213 Ciceronis
1107 2166 1236 2224 nomen,

107 2231 244 2298 eandem
267 2251 347 2310 esse,
370 2238 468 2315 atque
490 2252 573 2311 eam,
595 2251 693 2315 quam
715 2232 880 2298 Asconim
900 2232 935 2298 in
953 2232 1104 2300 manibus
1114 2231 1236 2297 habue-

107 2319 160 2397 rit,
183 2316 300 2383 deinde
313 2323 347 2382 et
364 2317 405 2383 ab
416 2320 488 2400 ipso
508 2326 541 2384 et
553 2316 594 2383 ab
605 2317 795 2401 aequalibus
808 2317 975 2385 Ciceronis
996 2341 1069 2386 eam
1091 2317 1238 2385 habitam
1260 2330 1263 2334 ·

9 2424 12 2431 ·
108 2426 187 2471 esse.
232 2402 331 2469 Certe
354 2404 451 2485 enim,
474 2404 591 2471 sinon
613 2424 727 2470 omnes
748 2403 834 2470 idem
858 2404 898 2471 de
920 2406 990 2471 eius
1012 2411 1142 2472 auomro
1164 2424 1239 2470 sen-

109 2491 238 2568 sissent,
261 2489 322 2556 hoc
344 2490 522 2556 memoriae
543 2488 750 2574 prodidisset.
787 2527 827 2540 ·-
860 2490 975 2569 Miror,
998 2490 1084 2574 quod
1096 2489 1240 2565 Wolfius

110 2574 269 2642 eiusmodi
292 2576 517 2642 testimonium
539 2576 608 2642 fere
630 2577 765 2643 omnino
787 2576 936 2662 negligit,
959 2596 1158 2662 quamquam
1169 2576 1240 2660 ipse

109 2660 266 2741 coneedit,
289 2662 390 2746 praef.
414 2683 486 2747 pag.
515 2667 566 2728 10:
593 2662 673 2741 ,hoc
700 2663 834 2746 quidem
855 2663 988 2731 credere
1009 2684 1069 2730 nos
1090 2671 1240 2746 oportere

110 2750 269 2828 Asconiis,
293 2746 518 2830 Quintiliauis,
537 2748 674 2833 reliquis
699 2749 830 2815 illorum
858 2759 1044 2833 temporum
1074 2768 1238 2832 gramma·

109 2837 183 2904 ticis
205 2843 239 2900 ct
260 2835 455 2914 rhetoribus,
478 2837 559 2901 satis
580 2844 746 2902 vetustum
769 2856 849 2914 esse,
872 2834 1011 2919 quodab
1030 2835 1110 2918 ipsis
1126 2830 1238 2898 lauda-

91 2920 168 2988 ¹tur
190 2942 249 3005 pro
272 2928 412 3000 vetusto,
436 2930 522 2987 certe
534 2941 601 2987 non
619 2920 660 2988 ab
672 2921 861 3006 aequalibus
873 2942 985 2988 eorum
1004 2919 1242 3004 suppositurus

109 3016 164 3074 An
188 3008 341 3092 opinatur
363 3008 443 3074 satis
462 3007 598 3092 infringi
619 3007 777 3074 eiusmodi
807 3008 1070 3075 testimoniorum
1099 3004 1241 3073 anctori-

111 3103 223 3172 tatem,
253 3094 294 3159 ad
317 3115 399 3178 quae
421 3103 509 3161 reete
530 3095 567 3159 in
589 3093 708 3160 talibus
734 3094 980 3178 quaestionibus
1002 3091 1241 3177 pertractandis

111 3181 301 3260 recurritur,
324 3179 385 3259 his,
409 3201 491 3264 quae
509 3180 662 3264 deinceps
684 3180 784 3260 addit,
808 3181 931 3248 verbis:
958 3179 1188 3258 „Illudtamen
1199 3199 1241 3244 ne

114 3266 334 3350 antiquissimi
356 3267 487 3349 quidem
509 3267 652 3334 auctoris
674 3266 739 3333 fide
757 3266 926 3333 diiudicari
946 3274 1063 3350 potest,
1092 3286 1134 3330 au
1162 3262 1242 3348 quid

113 3352 272 3419 eiusmodi
295 3352 446 3419 Ciceroni
465 3354 582 3437 potius,
610 3373 709 3438 quam
737 3352 811 3419 aliis
838 3350 1053 3418 tribuendum
1073 3350 1127 3431 sit,
1155 3352 1242 3417 eius·

112 3461 175 3523 que
195 3461 296 3504 manu
313 3446 347 3505 et
368 3439 542 3507 excellenti
564 3439 697 3524 ingenio
720 3438 857 3523 dignum
878 3436 1106 3522 putandum“?
1121 3474 1160 3486 -
1174 3435 1241 3504 Sed

113 3534 249 3609 quaerat
272 3526 435 3609 quispiam
458 3526 627 3593 hocloco:
651 3525 714 3592 Cui
735 3524 867 3590 tandem
900 3524 1016 3590 tribuit
1044 3524 1098 3595 uir
1128 3522 1242 3591 doctus

112 3613 197 3679 hanc
219 3611 400 3678 orationem
422 3632 442 3677 a
463 3612 622 3680 Cicerone
644 3611 870 3692 abiudicatam,
894 3611 1026 3695 etquid
1051 3610 1162 3697 posuit
1183 3627 1242 3692 pro

113 3721 159 3779 eo,
183 3697 270 3785 quod
292 3719 422 3782 semper
443 3720 504 3783 pro
527 3707 616 3766 certo
638 3712 671 3764 et
692 3698 861 3782 explorato
882 3698 1083 3783 putabatur?
1112 3694 1243 3763 Nomen

114 3786 192 3867 eius,
217 3807 247 3865 a,
265 3802 329 3870 quo
362 3806 434 3851 eam
467 3785 686 3868 conscriptam
714 3806 784 3852 esse
813 3792 934 3865 censet,
965 3784 1159 3862 dissimulat,
1182 3800 1244 3846 nec

113 3872 220 3956 magis
244 3872 388 3955 exponit,
411 3893 476 3956 quo
497 3892 583 3937 anno
605 3892 678 3938 eam
696 3878 802 3937 ortam
825 3893 896 3938 esse
918 3871 1048 3938 iudicet.
1089 3868 1243 3937 Idunum

115 3981 155 4024 ex
178 3959 248 4024 eius
281 3956 502 4041 disputatione
523 3977 640 4024 eruere
666 3978 849 4042 possumus,
882 3959 954 4026 viro
985 3955 1077 4022 docto
1109 3972 1243 4038 persua-

114 4067 188 4113 sum
206 4045 315 4123 fuisse,
335 4044 582 4111 Marcellianam
592 4043 684 4109 illam
706 4044 867 4128 originem
890 4043 1007 4111 debere
1034 4037 1245 4107 declamatori

114 4130 319 4213 insequentis
341 4133 457 4195 aetatis
480 4131 660 4214 praeceptis
681 4130 833 4196 oratoriis
855 4131 960 4214 magis
981 4127 1116 4217 imbuto,
1145 4142 1245 4208 quam

115 4218 265 4297 formato,
288 4216 513 4301 philosophiae
536 4224 642 4281 autem
668 4224 700 4281 et
723 4216 803 4282 artis
824 4216 949 4300 logicae
970 4210 1246 4297 rationnmplane
