2962 4836
166 404 317 488 pluribus
340 402 449 471 verbis
471 423 549 471 usus
571 402 644 481 sim,
667 424 763 486 quam
787 403 903 486 quibus
925 421 1006 485 opus
1027 399 1071 468 sit
1093 401 1135 470 ad
1156 405 1225 469 tem
1246 403 1296 469 in·
1371 482 1373 486 v

169 511 265 556 anem
287 490 485 557 sententiam
507 488 727 555 refellendam.

253 575 294 642 In
316 579 340 661 ξ.
368 581 414 657 18,
437 575 492 641 ubi
511 575 626 642 Cicero
648 598 689 639 ex
712 575 952 657 comparatione
971 575 1126 641 victoriae
1144 575 1297 643 Caesaris

168 668 201 728 et
223 662 388 741 victoriae,
418 660 522 744 qualis
550 661 662 727 future
689 660 813 740 fuisset,
841 660 998 744 Pompeii,
1027 660 1117 728 illius
1142 660 1297 728 laudandi

168 749 301 815 arcessit
323 749 503 825 materiam,
527 747 819 813 constructionem:
845 746 1010 823 „Alterius
1033 767 1113 813 vero
1134 748 1237 832 partis
1255 784 1297 794 —

169 835 357 901 victoricm“
382 833 500 900 duram
522 840 556 898 61
577 830 767 916 perplexam
788 830 932 897 Wolfius
953 839 1126 918 nuncupat
1148 841 1182 899 et
1204 833 1297 899 dnbi-

167 927 225 1000 tat,
255 941 335 985 num
357 920 464 986 simile
486 917 563 1002 quid
590 917 677 1001 apud
700 917 891 984 Ciceronem
919 918 1064 1001 legatur:
1095 919 1199 985 Plane
1221 939 1297 986 con·

168 1006 306 1073 tracium
330 1005 488 1072 iudicium
510 1005 572 1072 hac
595 1003 635 1069 de
657 1011 822 1071 structure
845 1004 919 1068 tulit
939 1003 1061 1082 Kalen,
1083 1005 1298 1090 cuius-supra

168 1093 368 1158 mentionem
390 1092 459 1157 feci.
503 1090 569 1158 Hic
591 1090 679 1155 enim
705 1090 791 1156 hanc
820 1087 992 1172 periodum
1014 1099 1165 1157 numerat
1191 1091 1297 1158 ineis

168 1178 342 1263 exemplis,
375 1177 463 1244 unde
492 1177 661 1243 commode
690 1176 830 1261 perspici
863 1176 965 1259 possit
993 1176 1135 1242 Latinae
1163 1176 1296 1262 linguae

167 1264 302 1333 indoles.
340 1262 459 1330 Neutri
480 1284 614 1347 prorsus
636 1260 880 1328 assentiendum
902 1261 984 1327 mihi
1005 1261 1146 1329 videtur.
1173 1263 1298 1336 'Habet

168 1372 247 1417 sene
274 1352 355 1417 haec
384 1350 582 1416 constructio
612 1346 736 1431 aliquid
769 1347 976 1427 insolentiae,
1009 1347 1094 1431 quod
1123 1356 1236 1415 tamen
1264 1359 1298 1416 et

168 1437 307 1503 aliorum
324 1433 468 1503 locorum
486 1434 701 1503 similitudine
718 1433 849 1500 defendi
867 1441 900 1499 et
922 1434 1123 1519 singularem
1141 1434 1297 1502 orationis

169 1531 324 1589 naturam
346 1543 503 1590 excusare
524 1521 636 1607 possit.
671 1519 883 1586 Structorem
901 1527 1012 1586 autem
1033 1521 1079 1588 sic
1099 1522 1168 1587 fere
1190 1529 1296 1588 ortam

169 1630 238 1676 esse
267 1617 357 1693 puto.
401 1608 524 1675 Orator
556 1608 590 1673 in
623 1607 731 1673 verbis
763 1605 929 1686 „Alterius
960 1628 1036 1672 vero
1069 1608 1190 1691 partis“
1221 1607 1297 1691 plus

168 1695 326 1762 momenti
347 1703 381 1761 et
404 1692 559 1779 ponderis
585 1693 693 1759 inesse
716 1692 828 1772 voluit,
856 1692 965 1775 itaque
991 1693 1027 1757 in
1055 1694 1149 1759 initio
1172 1693 1296 1777 periodi

168 1782 338 1849 collocavit
366 1801 404 1846 ea
434 1781 480 1846 sic
506 1787 715 1864 perrecturus
746 1777 865 1856 „nimis
892 1778 1049 1845 iracunda
1080 1779 1198 1846 1616661
1230 1781 1296 1848 vic·

167 1869 279 1934 toria.“
326 1866 464 1933 Incertis
487 1874 596 1931 autem
619 1865 737 1937 verbis,
762 1863 862 1942 „nihil
890 1863 1031 1946 amplius
1053 1862 1168 1945 dicam,
1198 1886 1296 1950 quam

167 1953 201 2019 id
218 1953 309 2037 ¹quod
330 1974 444 2019 omnes
464 1950 676 2035 verebamur“
705 1950 830 2034 impetu
852 1951 992 2016 oratorio
1014 1950 1167 2018 seductus
1188 1959 1295 2017 muta·

168 2040 219 2105 rit
240 2039 513 2107 constructionem
535 2046 568 2103 et
595 2036 676 2102 illud
704 2036 913 2102 enuntiatum
936 2036 1034 2103 verbo
1063 2036 1191 2104 dicendi
1219 2037 1296 2104 sub·

168 2126 284 2191 iunxit.
321 2124 481 2191 Similiter
503 2123 651 2207 neglecta
692 2123 882 2189 rammatica
904 2123 1031 2188 16116116
1049 2122 1165 2190 016616
1184 2122 1298 2190 scribit

169 2211 209 2278 de
231 2213 314 2296 Rep.
337 2210 364 2276 I.
387 2213 411 2296 1.
435 2216 491 2274 58;
526 2211 581 2289 ‚‚si,
605 2217 642 2274 ut
698 2209 785 2275 raeci
808 2208 929 2287 dicunt,
954 2230 1067 2275 omncs
1096 2215 1155 2275 661
1177 2209 1297 2276 Graios

169 2318 240 2364 esse
262 2304 319 2363 eut
348 2298 532 2376 barbaras,“
563 2293 648 2378 quod
671 2293 858 2378 exemplum
880 2294 947 2358 iam
969 2294 1147 2362 Richterus
1177 2295 1295 2361 attulit.

168 2387 218 2450 Ac
234 2384 329 2459 facilc
347 2383 458 2467 colligi
474 2390 611 2466 possunt
627 2380 681 2444 alii
697 2380 768 2459 loci,
786 2381 840 2463 qui
857 2400 1057 2463 quamquam
1068 2380 1157 2447 haud
1172 2381 1238 2448 scio
1253 2404 1296 2446 an

168 2470 274 2554 magis
295 2469 489 2554 perplexum
512 2467 566 2533 vel
589 2465 704 2537 (1111166,
723 2487 828 2550 genus
856 2467 1015 2550 praebent
1035 2467 1296 2547 constructionis,

168 2565 278 2622 tamen
296 2576 466 2638 nunquam
478 2553 635 2621 Cicerone
657 2550 785 2636 indignr
807 2552 940 2617 iudicati
959 2560 1047 2632 sunt,
1070 2554 1161 2635 velut
1176 2553 1300 2621 Pamin

168 2642 246 2707 XV,
270 2645 288 2704 1
320 2642 412 2726 „Ego
439 2661 518 2709 vero
546 2639 600 2708 vel
628 2638 847 2723 gratulatione
875 2637 1059 2705 litterarum
1090 2649 1222 2706 tuarum
1243 2638 1297 2708 vel

168 2727 366 2794 testimoniis
395 2727 575 2794 sententiae
598 2724 704 2791 dietae
724 2723 807 2790 nihil
830 2730 894 2803 est,
925 2724 1010 2808 quod
1032 2747 1085 2791 me
1112 2748 1180 2793 non
1210 2746 1297 2793 asse·

169 2821 284 2880 cutum
305 2820 448 2897 putem.“

254 2897 322 2965 Sed
344 2899 444 2966 missa
472 2899 534 2965 hac
565 2919 609 2978 re,
639 2917 722 2981 quae
748 2896 881 2964 levioris
908 2898 1066 2964 momenti
1094 2903 1158 2978 cst,
1187 2898 1222 2963 in
1249 2898 1297 2964 cis

170 2984 278 3067 potins
300 2983 512 3050 defendendis
534 3004 665 3068 operam
692 3003 866 3067 ponamus,
896 3004 980 3066 quae
1006 2984 1035 3051 si
1064 2991 1150 3050 16616
1177 3003 1198 3049 a
1223 2984 1297 3051 viro

170 3068 266 3136 docto
290 3069 495 3152 castigantur
521 3090 713 3152 summoque
743 3078 870 3136 oratore
899 3091 965 3135 non
987 3069 1089 3155 digna
1115 3070 1187 3136 iure
1215 3068 1297 3136 iudi-

170 3162 296 3307 666361,
325 3162 401 3238 apta
423 3153 490 3220 sint
511 3153 552 3220 cd
580 3162 682 3220 totam
711 3156 892 3222 oraticnem
919 3156 954 3221 16
982 3155 1218 3225 dubitationem
1240 3179 1295 3224 vo·

169 3262 230 3308 cen
254 3263 316 3308 am.
1307 3296 1310 3302 .

256 3327 309 3394 Ad
338 3331 362 3412 1.
396 3332 443 3393 19.
488 3326 630 3393 Wolfius
662 3328 743 3394 haec
775 3328 924 3393 adnotat:
965 3327 1146 3412 „Pleraque
1178 3328 1296 3395 horum

169 3432 272 3496 aequo
295 3416 404 3479 animo
426 3413 619 3498 legeremus,
650 3415 678 3481 si
700 3413 891 3480 Ciceronem
912 3414 967 3480 hic
987 3413 1054 3498 legi
1073 3415 1166 3482 nobis
1188 3414 1300 3499 priora

169 3499 418 3584 persuasissent.
462 3500 577 3585 Neque
599 3523 678 3568 vero
701 3500 820 3566 desunt
843 3500 876 3564 h.
898 3499 930 3582 1.,
953 3519 1035 3583 quae
1053 3498 1168 3567 Cicero
1190 3500 1297 3568 dicere

169 3591 226 3651 aut
247 3583 388 3651 scribere
410 3586 467 3651 vix
489 3608 526 3653 ac
555 3609 596 3653 ne
618 3588 675 3655 vix
697 3584 829 3669 quidem
850 3586 1021 3670 potuisset.
1065 3585 1227 3655 Inusitata
1246 3594 1298 3654 est

168 3672 255 3738 enim
288 3671 322 3736 in
355 3671 534 3739 vetustiore
561 3672 745 3738 Latinitate
778 3679 943 3739 structura
969 3672 1064 3738 haec:
1098 3674 1214 3742 virtuti
1243 3674 1295 3741 vel

167 3756 315 3824 felicitati
336 3777 413 3823 suae
433 3757 623 3841 gratulari.“

253 3843 355 3910 Nobis
377 3862 572 3927 persuasum
594 3850 654 3923 est,
688 3842 741 3910 hic
769 3842 836 3928 legi
858 3843 1061 3926 Ciceronem,
1092 3845 1296 3930 eundemque

166 3929 350 4013 scripsisse:
376 3927 541 4008 „felicitati
559 3937 635 3995 tuac
653 3928 890 4014 gratulabere.“
919 3930 1017 4013 Quod
1028 3941 1067 3997 ut
1083 3932 1294 4014 affirmemus,

91 4094 94 4097 Ι
166 4014 395 4081 admonemur·
409 4014 462 4079 his
485 4015 611 4081 duobus
640 4015 729 4082 locis.
775 4014 1093 4098 6161111116,
1119 4023 1151 4084 l:
1182 4027 1295 4104 gratu·

166 4100 228 4166 lari
249 4101 353 4186 magis
375 4102 490 4166 virtuti
520 4100 635 4182 debeo,
665 4123 764 4185 quam
791 4102 951 4169 consolari
981 4102 1125 4169 dolorem
1147 4112 1240 4171 tuum
1263 4113 1297 4170 et

166 4186 228 4253 ΙΧ.
245 4193 292 4266 14,
306 4192 323 4250 7
345 4187 506 4271 gratulari
524 4188 672 4255 felicitati
691 4194 767 4254 tuae
784 4189 824 4255 cf.
836 4187 953 4269 Quint.
965 4189 1019 4258 lib.
1032 4188 1093 4256 VI.
1105 4211 1247 4274 procem.
1261 4194 1295 4273 83
