2962 4836
690 265 855 332 ..15-

209 457 279 505 esse
300 455 415 505 omnes
437 435 564 506 oadioes
591 442 768 504 testantur.
792 470 833 484 -
857 433 925 503 Sed
946 438 1059 515 restat,
1088 440 1126 502 ut
1146 431 1259 519 pauois
1283 454 1335 500 re·

210 523 425 608 spondeamus
445 521 546 604 adid,
569 544 633 609 quo
645 523 700 589 vel
716 523 861 589 maxime
878 521 971 586 nisus
989 518 1203 605 praeoedente
1213 518 1336 587 Wolfio

209 608 423 695 Spaldingius
444 611 693 676 Mareellianam
723 619 761 674 ut
787 608 989 692 suppositam
1019 603 1236 673 damnandam
1265 627 1336 672 esse

209 708 348 762 oenseat.
392 697 448 762 Illi
474 697 562 761 enim
584 697 693 762 omnia
715 703 787 781 tarn
813 693 994 773 illiberalia,
1023 693 1170 771 humilia,
1201 692 1335 770 abiecta,

210 782 320 865 turpia
349 784 421 849 visa
450 790 554 860 erant,
584 790 623 847 ut
654 781 715 848 eibi
748 778 945 864 persuadere
977 801 1045 845 non
1075 787 1193 863 posset,
1224 778 1335 844 virum

207 868 414 937 oonsularem
443 868 564 934 similia
591 868 699 935 dieere
726 877 783 932 ant
813 867 958 950 potuisse
980 875 1037 930 aut
1064 866 1218 932 voluisse.
1270 864 1335 931 Hio

207 954 297 1020 illius
320 955 462 1038 vestigia
486 976 640 1038 premens
668 961 702 1019 et
729 957 840 1018 omnia
870 954 904 1016 in
934 952 1039 1018 maius
1074 951 1235 1017 extollens
1263 971 1335 1016 ora·

208 1040 333 1105 tionem
368 1061 501 1123 prorsus
536 1039 706 1125 indignam
743 1060 814 1105 esse
848 1036 1016 1103 contendit
1048 1036 1215 1116 Cicerone,
1249 1035 1334 1119 quod

209 1126 330 1190 referta
347 1127 391 1191 sit
411 1133 460 1191 tot
487 1134 620 1209 tamque
646 1126 766 1209 ineptis
795 1123 1039 1189 adulationibus
1065 1131 1099 1188 et
1127 1129 1177 1187 tot
1204 1121 1335 1188 servilis

116 1219 119 1226 '
209 1211 412 1278 reverentiae
432 1212 546 1296 signis,
568 1220 606 1277 ut
628 1234 667 1277 ea
688 1211 780 1276 nullo
801 1218 895 1294 paeto
925 1232 945 1274 a
972 1217 1041 1275 tam
1071 1209 1234 1277 oonstanti
1263 1208 1335 1274 viro

208 1296 320 1361 habita
340 1305 397 1363 aut
417 1295 768 1381 oonseriptaputanda
790 1297 842 1362 sit.
887 1295 963 1362 Non
981 1317 1074 1381 nego,
1097 1314 1333 1377 nonnunquam

209 1391 370 1449 oratorem
391 1385 426 1450 in
448 1385 613 1450 laudanda
630 1381 860 1467 magnitudine
881 1382 983 1447 animi
1006 1392 1040 1447 et
1062 1381 1235 1448 elementia
1253 1379 1335 1446 an-

209 1469 291 1535 saris
316 1479 413 1552 atque
441 1471 477 1535 in
503 1469 739 1554 amplificandis
767 1468 837 1534 eius
864 1466 1070 1548 facinoribus,
1099 1468 1127 1534 si
1156 1467 1334 1533 orationem

209 1554 249 1619 ad
277 1556 382 1620 nostri
409 1557 567 1639 temporis
600 1577 733 1622 sensum
770 1562 803 1620 et
833 1574 941 1620 mores
975 1574 1182 1633 revocamus,
1217 1573 1334 1637 parum

206 1640 339 1706 modum
369 1663 518 1708 servasse
546 1642 662 1720 videri,
690 1661 795 1724 noque
821 1640 961 1718 infiteor,
991 1662 1088 1723 saepe
1117 1661 1192 1705 eum
1219 1640 1333 1724 magis,
1409 1700 1411 1705 .

206 1747 304 1808 quam
327 1749 388 1811 par
407 1735 489 1808 erat,
512 1729 622 1794 animo
644 1727 816 1811 repentina
835 1726 961 1791 laetitia
978 1727 1131 1811 gestienti
1149 1725 1334 1803 indulsisse,

207 1821 318 1878 tamen
341 1814 377 1878 in
399 1814 457 1878 illa
478 1819 633 1892 oratione,
657 1834 754 1896 quam
778 1820 945 1894 tamquam
959 1812 1064 1878 invito
1086 1811 1148 1877 sibi
1164 1812 1335 1895 inopinata

207 1920 243 1962 re
265 1907 414 1979 ereptam
443 1920 514 1964 esse
543 1899 659 1964 Oioero
687 1899 756 1982 ipse
784 1898 872 1976 dieit,
902 1898 985 1962 nihil
1013 1899 1163 1963 invenire
1190 1919 1333 1981 possum,

207 1982 293 2065 quod
312 2003 351 2048 eo
369 2003 503 2066 prorsus
520 1983 691 2069 indignum
704 1994 792 2051 reete
811 1984 873 2048 diei
892 1984 1003 2066 possit.
1033 1985 1119 2050 Nam
1136 2005 1333 2067 quamquem

207 2068 297 2133 haud
326 2089 401 2134 raro
427 2070 550 2136 nimius
578 2091 649 2137 esse
672 2068 802 2137 videtur
824 2079 933 2134 orator
953 2070 989 2134 in
1016 2069 1169 2136 laudibus
1190 2070 1333 2149 viatoris,

207 2160 318 2219 tamen
341 2177 377 2220 se
399 2155 439 2219 ad
462 2156 531 2221 eius
551 2158 650 2240 pedes
671 2159 759 2223 servi
779 2156 886 2221 instar
906 2177 973 2221 non
995 2155 1116 2235 abiioit,
1137 2164 1235 2239 atque
1263 2176 1334 2222 sae·

204 2239 279 2323 pius
306 2240 455 2323 inorepat
481 2241 734 2325 quodammodo,
770 2242 800 2307 si
834 2242 1019 2308 aeouratius
1048 2242 1240 2321 attenderis,
1277 2242 1334 2308 nbi

206 2334 393 2404 veneratur,
416 2330 472 2406 ita,
495 2335 533 2393 ut
550 2329 673 2412 optimo
694 2329 766 2392 iure
777 2327 916 2394 Iacobus
931 2326 1060 2408 dixerit,
1087 2350 1180 2407 „eum
1203 2326 1334 2411 quidem

205 2408 346 2476 blandiri
369 2412 589 2492 Caesarisne,
608 2422 799 2479 neotamen
825 2414 855 2479 ei
875 2436 1017 2498 paruero,
1042 2413 1184 2479 eundem
1201 2414 1332 2497 quidem

204 2517 257 2561 res
279 2498 319 2563 ab
338 2498 395 2563 illo
413 2499 579 2580 praeclare
596 2515 705 2584 gestas
725 2520 989 2580 commemorare,
1007 2521 1069 2567 neo
1087 2508 1199 2566 tamen
1213 2508 1333 2582 tatere,

204 2602 288 2678 quae
309 2582 519 2661 desideraret,
542 2588 675 2651 omnino
697 2585 743 2652 sio
766 2607 841 2651 eum
857 2587 993 2652 miseere
1016 2586 1124 2652 duloia
1146 2606 1220 2652 oum
1243 2608 1332 2653 ama·

204 2666 359 2744 malonia
370 2690 445 2734 oum
462 2670 601 2748 aeribus,
623 2673 733 2736 utetsi
754 2692 820 2737 non
839 2672 1232 2753 virfortissimus,tamen
1244 2682 1333 2739 oerte

204 2751 488 2851 eloquentissimus
512 2763 546 2822 et
566 2756 844 2840 prudentissimus
865 2758 1064 2825 videretur-‚⁸⁴
1110 2761 1160 2826 Ao
1180 2767 1269 2826 eerte
1296 2760 1332 2825 in

202 2838 275 2903 ustis
315 2838 557 2907 adulationibus
591 2843 700 2908 minus
733 2844 895 2923 offendes,
928 2845 958 2910 si
990 2852 1191 2930 temporum,
1225 2845 1333 2928 qualia

203 2922 335 3003 quidem
365 2937 435 2991 tum
469 2927 612 3009 fuerint,
637 2929 798 2994 rationem
828 2929 990 2996 habueris.
1042 2930 1160 2996 Omnis
1190 2940 1332 3013 potestas

205 3014 275 3070 tum
299 3030 399 3091 penes
421 3014 594 3080 Gaesarem
624 3023 695 3080 erat
717 3024 750 3078 et
776 3016 1006 3097 prudentiores
1034 3016 1269 3101 intelligebant,
1298 3025 1332 3083 et

204 3113 298 3156 suam
321 3102 355 3159 et
376 3097 478 3161 totius
499 3100 696 3183 reipublieae
719 3099 858 3165 salutem
881 3101 916 3165 in
938 3102 1009 3167 eius
1031 3102 1166 3167 arbitrio
1189 3105 1328 3186 positam

204 3197 285 3243 esse.
336 3179 429 3246 Idem
459 3183 582 3250 aneer
607 3194 714 3251 antem
745 3194 779 3250 et
807 3193 904 3252 antea
932 3189 1070 3253 viatoria
1097 3209 1227 3254 summa
1255 3210 1330 3255 oum

203 3263 425 3334 moderatione
446 3291 527 3337 usus
549 3280 620 3336 erat
646 3280 680 3335 et
701 3270 757 3335 illo
778 3270 831 3335 die
860 3273 1062 3338 restituendo
1083 3272 1239 3341 Marcello
1261 3283 1329 3340 tam

203 3347 395 3447 elementem
418 3364 452 3420 et
473 3357 640 3423 liberalem
664 3379 699 3422 se
727 3359 947 3440 praestiterat,
979 3368 1017 3424 nt
1038 3360 1152 3426 Oioero
1179 3359 1328 3426 inaudita

202 3434 370 3502 rllaanimi
383 3443 610 3525 magnitudine
622 3442 780 3508 adductus
799 3465 875 3509 eum
893 3468 960 3511 non
973 3455 1082 3529 posset
1103 3468 1169 3512 nou
1189 3448 1326 3513 summis

200 3519 353 3622 lendibus
385 3528 501 3594 efferre
528 3536 561 3594 et
582 3529 786 3595 simillimum
807 3531 878 3596 Deo
915 3531 1110 3615 praedicare.
1151 3533 1329 3599 Praeterea

200 3607 290 3674 ahud
310 3610 446 3678 fortasse
468 3623 548 3692 erat,
571 3635 629 3680 our
650 3623 760 3680 orator
789 3637 842 3681 res
871 3618 1005 3683 viatoris
1033 3617 1113 3683 adeo
1143 3631 1326 3685 exornaret.

199 3690 343 3762 Ineitare
367 3696 541 3764 Caesarem
569 3700 682 3776 voluit,
712 3708 759 3765 tot
781 3700 932 3767 laudibus
961 3703 997 3767 in
1024 3725 1099 3768 eum
1126 3704 1259 3785 oollatis,
1290 3715 1328 3771 ut

199 3792 351 3864 pergeret
378 3786 617 3866 rempublicam
640 3786 794 3853 afflictam
824 3788 960 3871 erigere,
990 3809 1127 3873 eamque
1158 3792 1325 3874 sapienter

199 3868 424 3949 componendo
460 3880 627 3954 tamquam
657 3873 824 3939 cumulum
855 3872 989 3938 adderet
1020 3874 1090 3941 suis
1118 3876 1323 3943 facinoribus.

197 3948 314 4035 ltaque
337 3975 412 4019 eum
434 3956 471 4019 in
493 3955 551 4020 illa
572 3959 719 4050 eratione
737 3979 801 4022 non
824 3981 859 4024 ee
881 3960 1105 4026 simulatorem
1126 3962 1325 4045 praebuisse,

197 4037 254 4102 sed
276 4059 317 4103 ex
340 4041 443 4106 animi
465 4044 629 4108 sententia
651 4043 774 4110 dixisse
803 4047 1000 4127 putaverim,
1029 4048 1221 4130 praesertim
1248 4070 1324 4116 oum

196 4123 516 4220 suamvoluntatem
537 4139 612 4210 post
633 4130 803 4195 victoriam
826 4131 979 4197 Caesaris
1002 4153 1135 4215 prorsus
1162 4143 1323 4201 mutatam

199 4225 268 4274 esee
288 4230 360 4299 ipse
382 4219 534 4283 testetur:
558 4213 608 4280 cf.
638 4214 688 4282 ad.
711 4216 787 4282 fam.
813 4222 839 4298 1,
864 4221 893 4300 9,
912 4222 963 4284 21.
1015 4219 1110 4301 „Non
1129 4241 1323 4305 permanen·
