2962 4836
681 255 852 356 -ar-

202 425 300 492 huius
322 418 432 491 cunae
455 422 513 491 tibi
526 423 650 509 gratias
673 446 771 510 agere
793 426 948 512 gestiunt,
966 424 1055 510 quod
1081 426 1253 497 Marcellus
1274 428 1331 496 ille

201 513 254 579 vir
275 531 424 578 summae
446 510 658 589 auctoritatis,
681 511 775 578 brevi
798 519 945 598 tempore
973 511 1104 579 futurus
1137 514 1181 580 sit
1212 515 1248 581 in
1277 515 1330 581 his

202 597 333 664 sedibus
354 596 516 662 maiorum
539 619 671 664 snorum
694 606 727 663 et
748 598 847 666 suis“.
891 598 994 664 Redit
1015 598 1104 665 enim
1130 599 1197 669 illis
1219 600 1330 668 verbis

202 684 329 765 Oicero,
366 689 537 767 postquam
577 683 612 748 in
641 684 833 750 universum
864 706 918 750 res
948 684 1114 769 praeclare
1147 686 1331 754 aansare

201 777 311 922 festas
325 767 546 920 (praedicavit,
580 769 622 835 ad
655 770 951 855 praeclarissimum
982 771 1072 837 illius
1106 771 1172 839 diei
1204 773 1347 840 facinus

215 856 323 923 andan
347 877 403 920 um
426 854 468 921 sc.
493 854 534 920 ad
546 856 785 922 restitutionem
808 857 854 923 M.
878 856 1038 937 Marcelli,
1056 878 1140 941 quae
1150 880 1217 944 per
1228 865 1331 926 totam

202 942 383 1009 orationem
404 947 549 1007 mentem
571 943 708 1009 oratoris
726 943 907 1029 occupavit.
951 942 1052 1010 Hnnc
1080 945 1189 1011 virum
1220 952 1329 1012 autem

202 1030 259 1094 illo
280 1027 436 1095 vocabulo
458 1027 646 1112 significari,
669 1050 711 1094 ex
733 1030 789 1108 eis,
805 1071 806 1075 =
823 1032 906 1112 quae
939 1028 1153 1096 subsecuntur
1181 1031 1331 1098 luculen-

202 1115 328 1181 tissime
350 1122 494 1198 apparet.
539 1112 693 1199 Speciosa
714 1121 748 1180 et
769 1115 936 1200 eleganter
957 1115 1060 1199 igitur
1080 1136 1146 1183 vox
1170 1117 1330 1195 „auctori-

203 1201 299 1266 tatis“
340 1199 486 1265 adhibita
519 1208 569 1266 est
607 1221 667 1285 pro
703 1201 773 1279 „vir
816 1201 874 1266 illa
906 1202 1097 1268 auctoritate
1131 1202 1329 1285 praeditus“.

200 1285 365 1354 Similiter
386 1285 448 1353 hoe
465 1286 623 1352 vocabulo
645 1286 762 1353 Oicero
783 1287 888 1353 utitur
909 1288 944 1352 in
966 1294 1045 1354 orat.
1069 1308 1099 1371 p.
1110 1288 1222 1354 Deiot.
1242 1291 1265 1375 §.
1279 1292 1329 1356 30.

205 1373 310 1452 ,Nam
331 1372 395 1439 ista
424 1372 609 1457 corruptela
638 1373 726 1439 servi
758 1410 800 1421 -
833 1395 853 1439 a
881 1379 974 1440 tanta
1003 1375 1195 1441 auctoritate
1216 1375 1237 1440 i.
1259 1395 1288 1441 e.
1311 1394 1332 1439 a

204 1459 344 1526 (lassare
365 1459 572 1543 approbata.“
604 1459 673 1526 Neo
695 1458 792 1524 aliter
809 1459 845 1524 in
867 1466 947 1526 orat.
967 1480 1025 1543 pro
1047 1459 1119 1525 Mil.
1134 1464 1191 1526 101
1219 1459 1331 1539 „Haec

202 1553 295 1611 tanta
317 1543 422 1611 virtus
446 1566 487 1610 ex
509 1544 572 1612 hac
593 1545 674 1612 urbe
696 1545 881 1628 expelletur
902 1546 921 1611 i.
945 1567 972 1612 e.
990 1545 1072 1613 Milo
1093 1553 1188 1612 tanta
1209 1546 1331 1615 virtute

202 1632 331 1698 florens.
375 1629 480 1710 Adde,
509 1630 595 1714 quod
624 1653 714 1697 more
741 1633 968 1698 Romanorum
999 1632 1228 1711 ,auctoritates
1257 1654 1330 1716 per-

203 1717 362 1802 scriptae“
394 1718 448 1796 (ci.
477 1716 534 1783 Or.
557 1717 622 1798 ΠΙ,
646 1721 680 1797 2)
703 1717 951 1802 appellabantur
973 1718 1106 1784 nomina
1128 1719 1327 1803 eorum,·qui

200 1803 371 1871 scribendo
385 1804 552 1869 affuerunt
574 1803 857 1871 senatusconsulto
875 1811 909 1870 et
930 1805 1214 1888 quorumnomina
1236 1825 1330 1872 sena·

200 1889 404 1957 tusconsulto
425 1890 718 1974 praeponebantur.

291 1976 410 2060 Itaque
425 1974 503 2061 quid
526 1975 749 2061 ambiguitatis
768 1982 825 2042 aut
852 1975 1059 2044 obscuritatis
1091 1977 1128 2042 in
1158 1976 1220 2044 hac
1253 1997 1331 2045 voce

201 2065 251 2144 sit,
266 2084 340 2129 >non
362 2061 466 2144 video,
485 2063 677 2146 praesertim
699 2082 775 2129 cnm
805 2083 889 2146 quae
915 2064 1028 2146 paucis
1049 2063 1228 2131 interiectis
1255 2084 1331 2131 ver·

201 2149 251 2215 bis
271 2149 425 2234 legantur
448 2149 584 2232 „quibus
604 2157 642 2214 tu
663 2150 763 2215 etiam
786 2148 832 2215 M.
845 2150 1001 2216 Marcello
1019 2148 1330 2235 conservatodigni-

201 2242 303 2301 tatem
324 2256 417 2301 snam
439 2232 628 2303 reddidisti“
652 2242 687 2301 et
706 2256 735 2318 q.
759 2254 820 2301 soc.
843 2242 955 2318 aperte
974 2236 1119 2316 doceant,
1138 2236 1330 2303 Ciceronem

202 2344 273 2389 eam
292 2321 332 2387 de
354 2321 512 2388 Marcello
534 2320 655 2387 dictam
677 2320 818 2405 intelligi
841 2321 992 2388 voluisse.

287 2407 361 2475 Hoc
383 2429 486 2473 unum
508 2413 619 2490 restat,
641 2413 678 2473 ut
700 2405 827 2473 addam.
872 2407 963 2474 Dicit
984 2407 1136 2488 Wolfius,
1165 2408 1193 2474 si
1221 2413 1330 2474 orator

202 2496 248 2562 sie
278 2492 358 2560 illud
393 2492 590 2560 vocabulum
619 2493 721 2579 accipi
754 2491 922 2574 voluisset,
956 2495 985 2560 ei
1018 2495 1126 2578 potins
1156 2493 1330 2584 dicendum

183 2582 316 2648 'fnisset
343 2579 425 2659 „Illa
446 2579 623 2646 auctoritas
640 2580 675 2645 in
698 2581 759 2645 has
782 2616 821 2628 -
845 2578 938 2646 sedes
949 2580 1096 2647 reditura
1107 2579 1179 2647 sit.“
1211 2580 1330 2647 Dicere

201 2668 310 2753 potnit
331 2673 450 2747 orator,
474 2673 511 2732 ut
528 2665 589 2732 hoc
611 2666 734 2751 largiar
756 2666 827 2733 viro
860 2664 964 2748 docto,
996 2665 1053 2736 sed
1085 2667 1122 2732 in
1150 2666 1212 2746 his,
1246 2686 1330 2751 quae

203 2752 344 2838 scripsit,
366 2753 441 2838 plus
469 2751 624 2836 ponderis
653 2753 760 2819 inesse
790 2751 1034 2834 affirmaverim,
1067 2775 1142 2820 cum
1168 2752 1329 2835 indicent,

201 2839 396 2908 Marcellum
418 2859 486 2905 non
507 2837 602 2905 modo
613 2837 796 2905 rediturum
813 2837 848 2904 in
871 2840 1014 2923 priorem
1024 2839 1143 2920 locum,
1161 2837 1219 2904 sed
1230 2838 1330 2904 etiam

204 2929 238 2992 in
259 2947 297 2992 eo
319 2926 459 3011 pristino
481 2945 571 2990 more
593 2945 785 2992 mansurum
806 2945 885 2990 esse.
931 2925 1026 3007 Quod
1047 2923 1185 2991 'fortasse
1202 2925 1272 2991 loco
1294 2925 1329 2990 in

204 3012 415 3081 vernaculum
435 3032 621 3077 sermonem
644 3032 738 3079 verso
760 3011 859 3077 etiam
885 3011 992 3096 magis
1016 3010 1227 3096 perspicuum
1250 3010 1327 3076 erit:

205 3096 336 3178 „Selbst
359 3097 410 3164 die
432 3096 564 3163 Wande
587 3094 692 3164 dieser
704 3097 803 3164 Ourie
825 3096 1092 3182 verlangen,wie
1113 3097 1177 3162 mir
1192 3095 1328 3176 scheint,

203 3184 253 3250 dir
275 3185 377 3251 Da‘nk
399 3183 563 3250 abstatten
587 3205 628 3248 uu
646 3183 765 3250 wellen
788 3182 893 3264 daliir,
914 3180 989 3249 dass
1007 3185 1105 3268 jener
1125 3180 1329 3248 bedentende

203 3271 307 3336 Manu
344 3271 403 3336 auf
437 3269 544 3336 seiner
582 3269 771 3336 Vorfahren
804 3267 873 3334 und
907 3268 1018 3335 seinen
1055 3268 1328 3353 (altgewohnten)

203 3355 340 3422 Platean
362 3355 486 3423 wieder
503 3356 574 3422 sein
596 3355 687 3422 soll.“
733 3356 804 3422 Iam
827 3376 905 3422 vero
928 3354 1328 3435 valereiubemuslocum,

203 3441 309 3524 quisi
331 3450 420 3508 recta
441 3464 522 3509 usus
544 3442 609 3508 eris
639 3442 922 3527 interpretatione,
948 3442 1151 3527 aptissimam
1181 3447 1213 3506 et
1235 3440 1327 3507 Oice·

203 3547 282 3592 rone
304 3525 530 3610 dignissimam
552 3529 686 3612 praebet
707 3528 905 3595 sententiam
928 3548 987 3593 nec
1017 3526 1194 3611 quidquam
1217 3525 1326 3607 habet,

202 3612 288 3701 quod
310 3612 517 3680 declamatori
540 3614 742 3698 insequentis
764 3614 882 3681 aetatis
903 3613 1022 3698 potius,
1046 3634 1142 3697 quam
1161 3612 1239 3680 huic
1252 3635 1324 3679 ora·

201 3701 264 3766 tori
287 3700 496 3765 tribuendum
520 3699 678 3767 videatur.

287 3786 480 3866 Videamus,
513 3809 593 3853 num
628 3787 772 3852 firmiore
810 3786 961 3851 nitantur
996 3784 1220 3862 fundamento,
1243 3805 1326 3868 qnae

201 3871 343 3940 Wolfius
362 3873 399 3938 in
420 3894 488 3956 cap.
507 3872 568 3938 IV.
591 3870 810 3958 reprehendit.

288 3961 338 4025 Ac
381 3959 522 4044 primum
576 3957 707 4042 quidem
752 3958 890 4023 formam
942 3956 1256 4034 „commemorabili“
1307 3975 1328 4020 a

202 4042 370 4110 Oioeronis
409 4067 471 4110 usu
502 4051 536 4110 et
568 4045 802 4111 consuetudine
839 4043 990 4111 recedere
1023 4041 1190 4111 contendit
1229 4051 1326 4125 atque

201 4129 300 4196 huius
338 4131 493 4196 orationis
534 4136 697 4197 auctorem
730 4138 817 4197 certe
853 4127 1094 4207 „memorabili“
1128 4128 1324 4211 scripturum

201 4215 300 4283 luisse
322 4224 442 4298 censet,
465 4217 493 4282 si
525 4214 669 4282 fideliore
690 4236 769 4282 usus
801 4223 888 4283 esset
914 4214 1080 4281 memoria.
1124 4214 1252 4299 Ubique
1274 4215 1327 4282 vir
