2962 4836
602 218 604 221 ’
699 248 866 313 —se-t.

216 418 387 491 materiam
421 416 675 504 suppeditabant
715 418 785 487 rlro
824 417 919 486 doeto
952 415 1087 496 monde,
1126 437 1211 502 quae
1241 415 1344 484 multa

217 502 426 575 librariorum
463 504 591 577 ineuria
629 507 842 588 irrepserunt.
899 502 967 575 Sed
1000 503 1130 589 singulo
1164 502 1343 571 videamus.

217 592 267 657 Ae
283 591 427 675 primum
450 590 582 674 quidem
604 591 745 658 Wolfius
767 597 887 670 oenset,
907 589 1099 661 Ciceronem
1120 588 1237 657 melius
1259 588 1345 655 hano

218 676 369 750 ultimam
392 684 518 760 partem
541 678 792 749 ooninnoturnm
810 676 913 745 fuisse
934 676 1045 741 addita
1060 674 1107 742 >ad
1129 675 1220 744 illam
1238 682 1345 739 trans·

218 761 319 828 enndi
337 763 511 828 formulam
532 763 693 846 partienla
718 769 804 841 „ut“.
837 761 931 844 Quae
953 761 1092 831 offensio
1108 760 1203 828 faeile
1221 759 1347 829 tollitur

217 854 351 931 reeepta
383 869 422 913 ea
454 849 635 933 seriptum,
669 869 767 932 quam
800 848 927 916 eodiees
959 849 999 913 E.
1034 854 1067 913 et
1099 848 1145 912 Μ.
1179 846 1347 931 praebent.

222 933 307 1016 „Sed
330 940 368 999 ut
387 934 475 1000 unde
497 942 548 1000 est
569 941 672 1001 orea“.
725 934 818 1003 Haeo
840 934 928 1003 enim
951 932 1119 1000 Oieeronis
1147 933 1249 1001 rerba
1276 953 1348 999 esse

219 1022 290 1091 sine
312 1012 380 1091 ulla
403 1019 604 1093 dubitatione
625 1021 868 1091 affirmaverim.
893 1057 933 1069 ·-
981 1048 985 1061 ·

305 1104 435 1173 Deinde
458 1106 558 1173 verba
582 1113 634 1187 „et
662 1106 747 1190 quod
777 1103 923 1186 v‘olunt“‚
942 1112 1076 1188 proptor
1098 1127 1182 1188 quae
1205 1101 1349 1171 Wolfins

220 1190 304 1257 dixit
336 1192 463 1259 elucere
497 1191 553 1257 illo
585 1191 655 1258 looo
688 1191 898 1275 eupiditatem
931 1191 1108 1259 verborum
1137 1190 1180 1257 ad
1210 1189 1349 1256 formam

220 1277 384 1361 quandam
414 1277 583 1347 Oieeronis
609 1277 867 1362 eopulandornm
898 1278 968 1345 sine
994 1276 1061 1347 ulla
1090 1276 1264 1360 perspione
1293 1282 1349 1339 aut

220 1365 492 1448 aptaJsententia,
515 1363 573 1429 illa
595 1365 705 1443 verba,
727 1364 871 1446 inquam,
894 1363 1075 1433 omittenda
1106 1371 1194 1441 sunt,
1218 1381 1294 1431 oum
1314 1360 1350 1426 in

219 1449 350 1533 optimis
373 1449 537 1517 oodioibus
559 1471 625 1515 non
648 1456 779 1517 exstent
800 1457 833 1516 et
845 1457 957 1532 aperte
977 1470 1055 1532 prae
1071 1469 1109 1514 ae
1132 1449 1240 1514 ferant
1262 1446 1350 1513 inter

219 1535 394 1619 poletionis
409 1535 559 1620 speeiem.
612 1534 706 1618 Quae
728 1537 831 1601 uerba
858 1536 885 1603 si
903 1535 1045 1613 eieoeris
1070 1535 1151 1603 satis
1173 1531 1351 1617 probabilis

221 1624 339 1687 existet
361 1621 533 1701 sententia
556 1642 617 1689 nee
640 1620 817 1706 quidquam
840 1622 913 1701 erit,
935 1642 1001 1705 quo
1022 1620 1081 1691 ills
1102 1621 1167 1689 riri
1189 1619 1275 1688 dooti
1299 1639 1350 1685 re·

220 1707 392 1790 prehensio
416 1709 550 1781 nitatur.
882 1724 885 1731 ·

305 1789 1354 1876 NeomagisOieeronisessevidetur-voeabulnm„solnm“,quod

220 1881 255 1945 in
282 1877 448 1945 nonnullis
471 1875 564 1944 eodd.
587 1884 661 1960 pest
689 1899 803 1946 rooem
831 1879 958 1957 „euius“
989 1879 1119 1962 legitur,
1143 1887 1176 1945 et
1198 1878 1355 1946 lubenter

222 1966 269 2032 eis
299 1964 469 2043 assentior,
496 1963 553 2047 qui
580 1963 664 2029 illud
695 1965 851 2043 „solum“,
879 1963 1084 2046 quodetiam
1107 1964 1229 2031 Wolfio
1251 1964 1353 2030 offen·

223 2051 310 2118 sioni
330 2056 411 2129 erat,
435 2048 611 2121 delendum
634 2070 704 2116 esse
726 2057 935 2119 eensuerunt.

308 2135 380 2201 Iam
404 2157 482 2202 vero
509 2141 622 2216 restat,
652 2143 689 2201 nt
718 2135 758 2201 de
787 2138 810 2221 b.
842 2140 880 2200 34
910 2156 1015 2219 pauoa
1039 2127 1166 2203 addam.
1219 2134 1263 2203 In
1291 2154 1355 2218 qun

223 2223 375 2291 vitiosam
398 2219 520 2291 indioat
541 2221 592 2291 uir
614 2222 728 2289 doetus
750 2243 822 2291 esse
839 2223 1131 2291 eonstruetienem:
1157 2241 1263 2305 „quoe
1281 2240 1355 2286 mee

223 2330 301 2392 erga
321 2307 418 2373 illum
439 2307 590 2374 omnibus
607 2328 737 2391 semper
754 2317 830 2374 nota
852 2309 923 2388 ln'it,
942 2314 978 2373 ut
1000 2308 1059 2375 vix
1077 2307 1114 2374 (l.
1134 2306 1293 2375 Mareello
1312 2345 1349 2354 -

225 2393 404 2463 eederem“.
453 2392 525 2467 Iam
556 2401 632 2463 ante
654 2415 731 2463 eum
753 2395 928 2465 Ernestius
951 2394 987 2459 in
1016 2394 1077 2460 hae
1106 2396 1275 2463 struetrrra
1304 2393 1355 2457 in-

225 2482 332 2555 haesit
354 2487 387 2549 at
408 2478 478 2549 loeo
500 2479 699 2549 eoniioiendo
725 2478 986 2549 subveniendum
1009 2501 1080 2549 esse
1101 2487 1254 2547 statuens
1279 2499 1356 2562 par·

227 2567 361 2639 tieulam
382 2567 466 2645 „ita“
490 2573 567 2650 poet
589 2564 727 2635 verbnm
755 2566 818 2635 fuit
844 2564 1054 2635 inserendam
1085 2587 1157 2635 esse
1178 2565 1354 2649 proposuit.

228 2651 293 2718 Sed
317 2674 359 2717 ne
381 2652 430 2719 sio
450 2652 584 2734 quidem
605 2653 714 2719 omnia
744 2659 821 2736 apte
847 2653 1023 2721 cohaerere
1043 2651 1167 2723 Wolfio
1192 2651 1357 2718 videntur:

313 2737 382 2809 Nee
402 2759 462 2822 ego
485 2738 546 2806 hae
569 2738 755 2804 oonieetnra
780 2738 852 2805 looo
873 2739 1019 2807 sneonrri
1044 2758 1138 2821 posse
1166 2743 1255 2821 puto,
1278 2757 1355 2802 nem

227 2823 334 2907 posito
363 2822 419 2888 illo
450 2824 532 2901 „ita“
568 2846 632 2891 nen
649 2824 853 2893 oonoinnior
886 2825 1027 2891 efficitur
1059 2823 1265 2902 oonstrnetle
1300 2829 1357 2889 ant

229 2909 303 2977 talis
325 2909 481 2988 redditur,
504 2909 609 2992 qualis
637 2909 700 2976 hoe
729 2918 798 2977 tam
827 2910 972 2993 eleganti
997 2909 1154 2993 seriptore
1182 2908 1283 2993 digua
1307 2907 1356 2973 di·

155 3044 158 3051 .
229 2994 334 3067 sends
354 2995 405 3059 sit.
440 2994 493 3059 De
515 3016 553 3065 ee
570 3002 679 3060 autom
702 2996 733 3062 ei
755 2997 926 3076 assentior,
950 2995 1037 3078 quod
1059 2995 1151 3073 dixit,
1174 2993 1358 3062 oleudioare

229 3080 424 3149 sententiam
446 3086 479 3144 et
491 3086 693 3154 structuram
712 3087 748 3149 et
758 3082 966 3151 enuntiatum
991 3090 1047 3159 „ut
1064 3081 1121 3147 vir
1133 3117 1174 3127 -
1186 3079 1354 3149 adeam

229 3187 295 3230 non
317 3186 356 3230 ea
378 3171 448 3230 arte
470 3164 614 3250 adiungi,
642 3187 706 3250 qna
736 3165 851 3233 Oieero
885 3169 1001 3233 florere
1035 3166 1161 3232 soleret.
1216 3165 1259 3230 Et
1287 3167 1360 3248 ipso

229 3251 519 3335 persuasissimum
540 3251 655 3330 habeo,
677 3252 785 3321 loeum
808 3252 930 3319 mendo
957 3253 1105 3319 laborare
1132 3251 1249 3335 aliquo,
1280 3272 1356 3317 nam

230 3338 406 3420 requiritur
428 3336 562 3422 aliquid,
585 3357 651 3420 qno
671 3336 752 3404 illud
777 3345 852 3416 „atr
877 3339 1049 3418 retexatur,
1074 3358 1136 3405 neo
1151 3337 1256 3418 uideo,
1280 3334 1359 3421 qnid

229 3423 295 3495 sibi
309 3421 390 3490 velit
407 3422 599 3489 vocabulum
622 3430 787 3506 „semper“
809 3444 884 3493 eum
903 3445 980 3491 roeo
1000 3430 1114 3503 „uota“
1135 3423 1357 3504 ooniunotmn,

228 3507 262 3572 id
296 3504 381 3592 quod
414 3509 537 3573 nemini
570 3508 746 3575 offendisse
778 3518 854 3577 onte
887 3531 948 3589 me,
983 3511 1092 3577 miror.
1147 3508 1358 3577 Intereidisse

229 3595 332 3679 igitur
352 3602 530 3678 pereunte
552 3594 691 3665 verbum
716 3595 816 3673 „tum
841 3595 1037 3663 voeebnlum
1061 3601 1215 3674 „tanta“
1248 3602 1280 3661 et
1308 3616 1358 3674 eat

229 3701 311 3763 quse
344 3677 542 3745 anteoedunt
576 3679 674 3749 verta
706 3680 768 3749 boe
808 3680 922 3748 ordine
953 3681 987 3746 in
1028 3683 1205 3766 archetypo
1238 3681 1359 3764 seriptis

228 3767 329 3835 fuisse
354 3772 452 3843 „nota
478 3770 638 3848 semper“‚
669 3785 765 3846 quam
794 3764 967 3841 leetionem
989 3764 1079 3833 eodd.
1106 3768 1146 3833 ll.
1171 3774 1203 3832 et
1225 3767 1271 3831 M.
1300 3788 1358 3831 ex·

230 3851 353 3927 hibent.
404 3850 477 3919 Hao
506 3850 674 3919 levissima
702 3852 881 3919 mutatione
912 3852 1054 3921 eflicitur
1076 3861 1109 3917 et
1132 3852 1297 3921 sententio
1326 3861 1358 3917 et

230 3937 440 4016 oonstruetio,
470 3956 567 4020 quam
597 3955 693 4000 nemo
721 3933 870 4007 dubitare
899 3937 1002 4020 possit
1028 3937 1178 4004 Oieeroni
1204 3937 1356 4004 tribuere.

232 4023 410 4107 Aptissime
433 4021 526 4098 enim
541 4018 583 4087 ad
612 4019 695 4087 illud
724 4028 855 4098 „tantm
882 4022 1088 4093 adverbium
1107 4030 1273 4106 „semper‘
1300 4023 1358 4092 ad

230 4110 380 4193 iungitur
402 4113 436 4177 et
457 4105 539 4175 illud
564 4114 649 4185 ‚,nt“,
674 4105 783 4186 habet,
805 4108 892 4172 unde
915 4108 1063 4190 medeas.
1117 4107 1184 4174 Sed
1212 4109 1357 4191 nequies·

232 4203 309 4273 eant
328 4195 366 4259 in
387 4193 516 4279 vulgari
539 4192 713 4275 seripturis,
732 4192 851 4276 umbus
871 4213 918 4273 ea,
940 4214 1024 4278 quae
1045 4193 1125 4261 libri
1143 4193 1358 4278 montmoripti
