2962 4836
647 183 817 245 ..24-

258 350 367 417 Etiam
400 350 504 416 altera
535 349 761 434 paragraphus
793 349 901 426 babet,
933 368 1017 431 quae
1037 346 1161 413 Wolfio
1189 348 1296 414 minus

172 443 249 519 apta
277 443 373 520 atqua
404 433 484 501 adeo
512 446 664 518 suspecta
691 434 874 502 videantur.
921 436 969 501 Ac
996 432 1139 516 primum
1168 432 1297 516 quidem

172 522 286 587 haeret
306 522 342 587 in
364 519 464 588 verbo
486 526 614 603 ,putc“,
641 520 726 603 quod
756 540 816 586 suc
844 520 914 586 loco
943 540 1014 586 ease
1040 526 1148 603 negat
1195 517 1297 596 ,Ver-

171 609 250 673 bum
275 614 404 689 „putc“,
433 605 551 688 inquit,
580 603 670 705 haud
690 605 828 706 feliciter
849 605 989 703 electum
1011 598 1152 703 videtur,
1180 603 1298 670 multo·

171 691 852 861 tlt³tttslttttlt⁸tntttt
874 687 1298 859 tttttttbtaitti

171 862 260 929 modi
281 870 340 943 est,
364 872 402 929 ιιι
422 863 458 928 in
476 884 514 929 eo
532 884 598 929 nen
616 864 726 947 opinio
743 862 912 947 quaedam,
935 860 992 927 aad
1014 868 1105 926 certa
1121 861 1297 944 persuasio,

171 946 229 1015 sed
258 955 368 1015 certus
397 949 498 1014 animi
526 969 642 1015 sensus
673 948 780 1014 locum
808 947 956 1014 habeat.“
1001 946 1112 1011 Etiam
1141 946 1203 1012 hcc
1230 947 1299 1013 loco

171 1035 278 1117 magis
289 1033 385 1101 video
396 1034 641 1102 calumniatoris
661 1033 820 1112 studium,
842 1055 939 1116 quam
954 1031 1059 1099 critici
1076 1029 1299 1097 subtilitatem.

171 1119 283 1186 Habet
315 1121 404 1186 enim
436 1119 519 1187 illud
546 1120 683 1187 verbnm
714 1140 797 1195 eam,
831 1140 928 1202 quam
954 1117 1098 1183 Wolfius
1127 1116 1300 1195 desiderat,

171 1206 347 1285 notionem,
377 1206 425 1284 id,
456 1203 541 1288 quod
570 1205 637 1270 iam
664 1204 838 1271 Weiskius
871 1202 1082 1287 probabiliter
1111 1202 1221 1269 docuit
1248 1203 1301 1270 bis

171 1289 291 1358 verbis.
330 1290 435 1367 „Oum
460 1297 577 1374 ,puto“
601 1289 684 1356 illud
706 1310 766 1372 per
787 1311 823 1356 se
841 1290 916 1373 plus
938 1290 990 1368 sit,
1013 1308 1113 1372 quam
1136 1290 1301 1372 ,epinor“,

170 1376 259 1443 idern
280 1384 331 1442 cst
359 1375 422 1442 bcc
442 1374 522 1455 lcco,
553 1375 639 1458 quod
662 1377 776 1442 fictum
803 1374 941 1459 aliquid,
970 1383 1008 1440 ut
1029 1394 1145 1440 verum
1170 1373 1204 1439 in
1229 1375 1301 1440 ani·

171 1483 261 1530 mum
284 1460 414 1549 induco,
443 1460 514 1527 sive
541 1480 611 1525 rem
634 1482 692 1544 per
715 1482 750 1527 se
772 1482 839 1526 non
868 1481 982 1527 veram
1008 1461 1057 1525 ita
1084 1458 1125 1526 cb
1153 1460 1307 1531 animum

171 1567 283 1613 meum
314 1566 469 1630 propono,
504 1551 542 1610 ut
573 1547 601 1612 si
635 1567 713 1613 vera
745 1554 860 1612 esset.“
907 1548 938 1611 A
965 1545 1081 1628 quibus
1110 1566 1176 1610 non
1204 1544 1302 1611 valde

172 1632 366 1715 discrepant,
387 1652 470 1716 quae
484 1630 657 1697 Wormius
679 1631 720 1698 ad
739 1631 876 1698 verbum
900 1629 1138 1698 defendendum
1161 1632 1299 1713 profert:

175 1716 341 1795 ,Verbum
373 1722 490 1801 ,putc“
521 1716 563 1782 ab
594 1717 777 1802 „intellige
811 1716 932 1794 sentio,
966 1736 1158 1799 persuasum
1188 1715 1300 1796 habeo,

172 1802 282 1883 credo,
311 1823 376 1868 non
399 1802 530 1868 dubito‘·
562 1825 603 1869 ex
625 1803 778 1887 loquendi
800 1824 862 1868 usu
890 1823 988 1869 sensu
1011 1809 1077 1866 tam
1101 1821 1218 1883 parum
1240 1799 1299 1867 dif-

171 1889 258 1956 ferre
280 1894 313 1953 et
335 1896 404 1954 tam
426 1909 528 1972 prope
551 1887 672 1954 distare
695 1896 784 1970 puto,
813 1895 849 1953 ut
871 1887 964 1955 haec.
980 1887 1068 1952 inter
1090 1907 1125 1952 sc
1147 1887 1229 1952 citra
1250 1909 1299 1952 re·

172 1973 424 2057 prehensicuem
457 1981 658 2040 commutare
687 1974 821 2057 possis.“
866 1971 1033 2039 Vocabulo
1062 1971 1198 2055 putandi
1228 1971 1299 2038 nul·

172 2058 242 2124 lum
263 2058 297 2124 in
317 2057 474 2125 Oicercnc
496 2058 713 2141 frequentium
735 2061 770 2124 in
787 2058 850 2141 Ep.
869 2058 910 2123 ad
930 2057 1029 2124 Attic.
1047 2057 1109 2122 IX.
1137 2063 1173 2120 19
1195 2057 1301 2124 sexies

172 2143 295 2229 legitur
302 2167 311 2223 ;
345 2146 381 2210 in
402 2144 454 2210 his
476 2150 510 2210 et
530 2142 610 2211 haec
633 2144 799 2210 sententia
818 2150 882 2210 est:
918 2144 1012 2221 ,Non
1034 2141 1219 2209 mehercule
1242 2143 1302 2209 hoc

173 2230 256 2296 facio
274 2229 474 2314 reipublicae
495 2250 603 2309 causa,
626 2252 726 2314 quam
748 2228 896 2296 funditus
917 2228 1058 2295 deletam
1075 2235 1185 2312 puto.“
1220 2229 1302 2295 Tam

173 2315 315 2380 fractum
337 2313 502 2381 Ciceronis
523 2316 670 2381 animum
693 2324 762 2381 tota
784 2314 920 2399 epistola
941 2315 989 2380 sic
1017 2315 1129 2399 spirat,
1158 2323 1196 2378 ut
1217 2335 1301 2394 eum,

173 2420 247 2464 cum
273 2406 391 2483 ,pntc“
416 2401 573 2468 scriberet
594 2422 711 2467 revera
736 2402 784 2467 ita
812 2402 953 2467 sensisse
975 2408 1010 2464 et
1031 2419 1224 2482 persuasum
1246 2399 1302 2466 ha·

173 2484 294 2562 buisse,
313 2493 477 2569 appareat.
501 2487 550 2551 Ol.
569 2495 740 2570 praeterea
759 2485 819 2552 Ad.
839 2484 903 2552 div.
921 2485 1017 2551 XVI.
1041 2490 1087 2550 17.
1120 2484 1302 2563 „Valetudo

175 2578 233 2635 tua
253 2591 308 2636 me
329 2570 425 2637 valde
455 2570 621 2637 sollicitat:
652 2571 710 2638 scd
731 2572 854 2639 inservi
882 2579 916 2636 et
941 2571 994 2637 fac
1015 2570 1142 2636 omnia:
1176 2578 1247 2636 tum
1269 2580 1303 2637 tc

172 2676 302 2723 mecum
324 2676 395 2722 esse
417 2668 488 2721 tum
509 2656 591 2721 mihi
612 2657 868 2724 cumulatissime
889 2657 969 2724 satis
990 2657 1095 2722 lacere
1117 2662 1259 2740 putatc.“

259 2740 329 2806 Noc
357 2741 502 2807 alienum
526 2740 654 2808 videtur
683 2741 725 2808 ad
753 2744 918 2826 spinosam
940 2741 1031 2808 illam
1055 2743 1115 2810 viri
1139 2738 1223 2808 docti
1244 2742 1300 2807 ad·

174 2827 375 2894 notationem
403 2825 650 2906 infirmandam,
680 2849 719 2893 ea
740 2828 874 2904 afferre,
905 2828 1023 2910 quibus
1046 2827 1177 2894 Gellius
1198 2826 1301 2908 (Noct.

175 2913 275 2979 Attio.
299 2912 357 2978 VI.
388 2919 437 2992 b),
470 2934 552 2996 quae
579 2914 624 2979 sit
650 2914 782 2998 propria
812 2914 904 2980 verbi
932 2913 981 2979 vis
1009 2913 1088 2980 satis
1120 2913 1303 2980 luculenter

174 2998 330 3081 explicat:
355 2999 463 3078 ,Puto
480 3020 547 3064 non
565 3000 729 3149 εἰὶιιίιίοιι
747 2998 892 3085 profecto
910 2997 1008 3079 aliud,
1031 3019 1130 3082 quam
1151 2997 1185 3064 id
1207 3019 1303 3082 agere

174 3105 242 3162 nos,
271 3085 305 3150 in
334 3105 371 3149 re
393 3084 493 3149 dubia
517 3095 550 3150 et
574 3106 593 3149 o
616 3107 721 3166 scura,
752 3091 789 3149 ut
811 3084 928 3151 decisis
950 3084 1192 3169 amputatisque
1213 3084 1304 3151 falsis

175 3167 393 3253 opinionibus,
423 3170 510 3252 quod
535 3169 686 3236 videatur
708 3192 778 3237 esse
800 3192 917 3237 verum
946 3192 983 3236 ac
1010 3171 1177 3255 integrum
1199 3180 1232 3236 et
1253 3171 1304 3235 iu-

175 3259 365 3338 ccrruptum
388 3256 616 3322 retineamus.“

258 3340 330 3406 Nec
352 3340 466 3424 magis,
495 3341 619 3422 opinor,
641 3341 784 3407 Wolfius
806 3361 907 3424 aequo
934 3341 1106 3424 interpreti
1129 3340 1303 3424 persuade·

174 3424 231 3499 bit,
253 3423 342 3492 bunc
361 3426 469 3491 locum
493 3446 573 3503 ,nec
591 3425 672 3491 mihi
689 3425 886 3509 persuadere
903 3435 1058 3510 poteram,
1081 3447 1140 3493 nec
1161 3426 1212 3493 fas
1233 3447 1305 3493 esse

176 3508 352 3575 ducebam“
390 3512 425 3575 in
464 3532 575 3577 eorum
615 3511 762 3577 locorum
800 3534 936 3579 numero
975 3512 1182 3578 referendum
1222 3534 1303 3591 esse,

175 3601 308 3679 propter
340 3617 419 3677 quos
451 3597 554 3662 oratio
586 3597 644 3661 illa
676 3605 828 3680 suspecta
858 3597 910 3664 vel
941 3598 1110 3681 supposita
1141 3597 1302 3664 videatur.

175 3679 403 3764 Reprehendit
424 3682 513 3746 enim
544 3682 680 3749 verbum
704 3681 973 3767 ,persuadendi“,
1005 3684 1090 3766 quod
1120 3683 1303 3750 sententiae

175 3787 243 3832 non
265 3772 432 3849 congruat.
477 3767 582 3834 Nemo
604 3789 726 3847 eorum,
748 3769 803 3852 qui
826 3777 902 3835 ante
918 3769 1078 3835 Wolfium
1101 3771 1136 3834 in
1158 3769 1303 3835 oratione

176 3849 371 3935 explicanda
392 3872 524 3934 operam
547 3853 799 3933 collocaverunt,
822 3855 999 3937 quidquam
1016 3855 1117 3938 inepti
1140 3856 1174 3920 in
1192 3854 1303 3920 verbis

175 3936 242 4002 illis
271 3936 407 4002 invenit.
451 3938 624 4005 Ernestius
651 3941 685 4004 iu
716 3938 826 4004 libello
855 3938 910 4023 qui
938 3940 1127 4006 inscribitur
1151 3939 1303 4018 „Ciceros

178 4021 274 4087 Geist
301 4021 370 4087 und
398 4022 530 4088 Kunst“
566 4024 673 4090 locum
702 4025 749 4089 ita
774 4027 882 4104 vertit,
917 4027 989 4102 ,ich
1021 4027 1146 4092 konutc
1175 4026 1240 4091 mir
1268 4047 1303 4092 es

178 4106 279 4174 kaurn
310 4107 359 4176 als
388 4108 533 4194 mbglioh
561 4109 709 4191 denken,
732 4160 739 4175 .
759 4160 767 4176 .
791 4160 798 4176 .
822 4110 895 4180 dass
925 4112 979 4181 ich
1006 4112 1097 4180 mich
1125 4110 1246 4181 wieder
1266 4112 1303 4177 in
