2962 4836
589 257 759 321 ...54-

112 429 280 513 praebent,
312 451 377 495 uon
400 430 481 494 adeo
508 451 526 495 a
555 426 791 494 eonsuetudiue
822 434 855 493 et
880 428 1043 512 elegantia
1072 426 1243 493 Ciceronis

112 514 263 581 reoedore
286 516 470 594 videantur,
500 521 538 581 ut
564 516 604 581 ab
633 513 690 579 illo
718 514 846 580 dicendi
876 514 999 579 artifice
1026 512 1242 580 abiudioanda

112 601 188 681 sint,
212 602 332 685 quique
354 602 435 666 satis
452 600 653 686 probabilem
671 600 763 665 illam
781 600 980 666 sententiam
999 620 1069 665 esse
1087 599 1241 665 indicent.

197 686 361 770 Equidem
383 688 439 770 qui
461 688 523 752 ista
546 687 624 752 ferri
648 694 706 752 aut
729 686 805 752 huia
827 687 948 752 oratori
966 686 1125 769 imputari
1147 707 1242 769 posse

112 774 317 856 negaverim,
346 793 411 837 nou
441 794 567 851 vereor,
601 795 642 837 ne
665 772 699 837 in
734 771 888 837 audaoiae
921 771 1045 836 orimen
1075 771 1240 837 incurram

112 858 193 923 illud
220 865 350 936 ‚,tanta“
375 859 584 924 inserendum
616 880 687 924 esse
714 863 872 935 statuens,
902 877 975 921 oum
998 858 1069 941 ipse
1098 856 1241 924 Wolfius

113 945 288 1010 eonfitetur
309 945 344 1010 in
363 945 424 1010 bao
442 952 608 1028 postrema
625 945 783 1010 orationis
801 950 894 1027 parte
912 943 1016 1008 multa
1034 942 1242 1009 librariorum

112 1029 208 1112 oulpa
230 1037 381 1114 oorrupta
403 1052 474 1097 esse
490 1039 530 1096 ‘et
551 1029 640 1096 haud
671 1031 824 1114 exiguam
847 1036 974 1113 partem
1004 1049 1131 1108 eorum,
1161 1050 1243 1112 quae

112 1116 384 1199 reprehendenda
407 1119 483 1198 sint,
506 1119 553 1183 eis
573 1116 691 1202 potius,
722 1137 819 1198 quam
846 1115 1002 1181 orationis
1032 1116 1155 1180 auctori
1184 1115 1243 1179 tri·
1327 1119 1336 1133 ⁸

112 1202 243 1268 buenda
265 1202 378 1268 videri.
402 1239 443 1250 -

198 1287 239 1353 In
263 1288 379 1354 ultimo
402 1288 542 1372 denique
563 1289 721 1354 orationis
743 1286 913 1352 enuntiato
935 1285 1089 1352 vitiosum
1113 1285 1243 1352 videtur

111 1373 233 1439 Wolfio
245 1394 350 1457 genus
361 1375 631 1440 oonslruotionis:
653 1372 729 1451 „Sic
742 1374 802 1439 tibi
815 1372 938 1458 gratias
951 1393 1021 1456 ago,
1036 1410 1075 1419 —
1088 1378 1126 1437 ut
1137 1393 1242 1438 aooes·

111 1460 209 1524 serit“
235 1466 332 1542 atquo
354 1461 387 1524 in
410 1460 480 1542 ipso
504 1458 647 1526 discessu
670 1459 807 1526 ridioule
829 1459 956 1524 ruentis
988 1458 1136 1543 magistri
1161 1479 1242 1523 esse.

114 1545 285 1611 Wormius
307 1544 359 1611 his
384 1544 632 1623 ‚‚deolamatori“
658 1546 706 1610 illi
729 1565 919 1611 suoourrere
942 1555 1089 1611 conatur.
1123 1543 1240 1623 ,‚„Sio“

109 1651 175 1695 non
210 1632 332 1696 oausali
366 1633 594 1698 oouiunotione
627 1633 771 1696 refertur
805 1631 846 1696 ad
882 1631 1111 1711 ‚,aooesserit“,
1147 1631 1240 1713 quasi

109 1717 291 1801 gratiarum
324 1718 452 1783 aetioue
485 1719 638 1785 effoetum
672 1724 771 1794 esset,
806 1724 843 1782 nt
877 1716 1069 1782 moritorum
1093 1716 1242 1782 eumulus

110 1802 292 1868 aoeoderot:
315 1825 378 1887 quo
402 1805 482 1868 nihil
506 1806 613 1888 potuit
635 1825 706 1869 esse
730 1802 914 1870 absurdius.
961 1801 1027 1868 Sed
1055 1803 1140 1880 ‚,sio“
1165 1823 1241 1867 oon·

110 1888 312 1974 iungendum
333 1897 383 1954 est
405 1911 479 1955 oum
506 1911 587 1974 „ago
615 1891 757 1974 gratias“
790 1898 824 1954 et
852 1896 973 1955 statum
1004 1895 1100 1971 atque
1131 1887 1241 1953 eondi-

108 1975 232 2039 tiouem
255 1975 377 2059 gratias
400 1976 529 2060 agentis
553 1976 706 2042 deseribit
724 1977 755 2040 b.
783 1995 875 2054 „oum
898 1976 956 2042 tibi
989 1973 1087 2039 hodie
1117 1974 1240 2058 gratias

109 2080 177 2143 ago,
197 2062 244 2128 sio
265 2082 336 2126 sum
360 2062 567 2141 eoust‘tutus,
591 2084 630 2128 ea
652 2068 702 2128 ost
724 2083 833 2127 rerum
858 2082 1005 2126 mearum
1028 2060 1121 2140 ratio,
1145 2066 1183 2125 ut
1201 2096 1240 2107 -

113 2147 266 2213 cumulus
289 2148 513 2213 aooesserit““.

194 2232 304 2317 Magis
326 2234 408 2297 mihi
426 2234 582 2315 probatur
605 2236 690 2299 ratio
708 2233 959 2317 interpretandi,
983 2254 1047 2316 qua
1065 2232 1242 2299 Riobtorus

108 2318 196 2383 huno
218 2318 326 2385 losum
348 2319 498 2402 explieat
554 2320 675 2385 (lenset
698 2320 785 2385 euim
812 2328 867 2398 „ut
890 2357 930 2366 -
954 2318 1144 2386 aooesserit“
1169 2317 1243 2382 bre·

109 2405 196 2468 viter
222 2404 344 2470 dietum
378 2426 448 2471 osse
477 2427 537 2488 pro
562 2413 619 2483 „ut
649 2407 823 2472 aooessisse
856 2406 1044 2471 confitear“.
1084 2440 1115 2449 ψ
1149 2403 1242 2485 Quae

110 2495 291 2568 struotura‚
325 2510 523 2575 quamquam
556 2493 665 2575 paullo
698 2493 891 2558 insolentior
922 2498 987 2571 est,
1030 2498 1140 2555 tamen
1174 2510 1241 2554 nou

111 2596 245 2658 prorsus
268 2598 287 2641 a
309 2578 535 2642 Romanorum
554 2599 614 2641 usu
641 2577 805 2657 abhorret,
829 2598 905 2642 nam
930 2576 1025 2642 faoile
1049 2577 1147 2641 huius
1176 2575 1242 2641 dio-

109 2662 209 2727 tionis
232 2663 352 2726 similia
375 2663 527 2747 exempla
549 2671 640 2727 etex
664 2663 801 2728 aliorum
820 2663 1014 2746 scriptorum
1034 2672 1067 2727 et
1085 2683 1125 2726 ex
1143 2661 1242 2726 huius

112 2749 250 2813 oratoris
273 2748 365 2814 libris
389 2750 499 2813 afferri
529 2757 676 2832 possunt.
738 2751 824 2828 Neo,
854 2750 982 2814 etiamsi
1011 2748 1127 2813 simile
1162 2745 1239 2830 quid

110 2833 195 2916 apud
232 2834 422 2900 Oioerouem
465 2857 528 2899 non
570 2836 791 2914 inveniretur,
822 2835 1021 2911 dubitarem,
1068 2835 1144 2898 huie
1177 2833 1239 2915 ipsi

109 2920 175 2983 iam
199 2920 239 2984 ad
263 2920 362 2985 finem
385 2921 574 3004 properanti
601 2929 634 2986 et
656 2923 794 3001 verenti,
824 2943 865 2985 ne
899 2922 965 2986 iam
987 2920 1083 3005 plura
1112 2920 1239 2984 loeutus

109 3006 161 3083 sit,
185 3027 283 3088 quam
305 3029 363 3089 pro
386 3006 457 3072 loeo
480 3013 514 3071 et
536 3014 681 3091 tempore
704 3009 809 3087 liooat,
832 3007 978 3071 tribuere
1000 3006 1117 3089 potius,
1141 3026 1238 3088 quam

110 3091 319 3157 deolamatori
361 3094 539 3158 orationem
584 3095 672 3158 omni
714 3094 883 3178 diligentia
923 3091 1069 3157 adbibita
1109 3111 1238 3174 compo·

113 3178 214 3242 nenti.

196 3262 268 3329 Iam
292 3285 370 3330 vero
393 3265 523 3328 eumin
547 3286 584 3330 eo
608 3266 719 3345 simus,
743 3272 780 3329 ut
802 3265 843 3329 ab
865 3265 1009 3330 oratione
1032 3262 1238 3328 discedamus

108 3350 231 3414 iterum
254 3351 410 3415 brevibus
433 3351 602 3433 eompleoti
625 3353 719 3417 iuvat
742 3374 788 3430 ea,
812 3371 897 3434 quae
926 3350 987 3416 hae
1010 3348 1238 3415 dissertatione

109 3435 330 3520 exposuimus.
381 3435 505 3501 Multos
537 3436 624 3501 looos
654 3436 965 3517 domonstravimus,
995 3459 1015 3500 a
1038 3436 1109 3500 viro
1144 3435 1238 3499 doato

109 3541 176 3586 non
197 3521 284 3586 iusta
310 3543 409 3586 eausa
430 3522 606 3605 castigatos
640 3529 673 3587 et
697 3523 784 3588 haud
815 3542 916 3606 panea
943 3522 1024 3587 vitia
1052 3522 1128 3585 fieta
1156 3541 1235 3584 esse.

108 3608 232 3672 Florum
246 3614 363 3685 alitem,
387 3628 469 3690 quae
491 3629 608 3672 revera
620 3609 832 3688 offenderent,
855 3608 1009 3691 pleraque
1028 3607 1236 3672 librariorum

109 3694 329 3778 negligentiae
352 3700 410 3757 aut
432 3693 627 3759 emendandi
651 3695 704 3760 vel
727 3694 911 3778 explicandi
935 3693 1042 3760 studio
1065 3691 1237 3757 tribuenda

108 3801 189 3856 esse,
219 3779 355 3845 evicisse
384 3779 477 3843 nobis
504 3777 665 3844 videmur.
726 3780 876 3860 Quorum
913 3780 976 3843 alia
1007 3778 1099 3842 faoile
1127 3798 1235 3841 emen-

109 3865 276 3943 davimus,
304 3864 376 3943 alia,
409 3885 603 3947 quamquam
634 3887 737 3950 pauoa
767 3872 853 3943 sunt,
883 3886 948 3929 non
979 3865 1116 3947 contigit
1142 3861 1235 3926 uobis
1324 3864 1327 3871 '

106 3949 267 4033 probabili
288 3951 474 4015 oonieotura
495 3953 679 4029 restituere,
703 3973 775 4016 oum
800 3951 847 4015 ita
876 3957 1063 4034 eomparata
1092 3950 1168 4025 siut,
1198 3954 1236 4012 ut

107 4037 163 4100 vix
187 4036 259 4101 sine
281 4035 503 4118 loeupletioris
526 4035 642 4103 oodiois
665 4037 788 4102 auxilio
816 4037 924 4102 sanari
952 4037 1086 4120 possint.
1142 4032 1236 4098 Nihil

107 4128 217 4185 autem
239 4122 274 4184 in
297 4123 441 4185 oratione
464 4124 570 4186 inesse
593 4122 824 4199 intelleximus,
849 4121 932 4204 quod
957 4143 1014 4186 nos
1037 4128 1175 4203 cogeret,
1199 4124 1236 4182 ut

108 4207 275 4273 (lieerouis
297 4227 416 4271 nomen
436 4207 470 4270 iu
493 4208 681 4273 eiusfroute
704 4206 878 4272 dolendum
902 4205 1235 4273 osseooneederemus
