2962 4836
677 191 849 259 ..na-

195 362 325 439 habirit,
355 374 470 444 rapere
496 382 623 440 omnes,
654 361 788 428 trahere
817 361 950 429 domum
979 361 1077 439 alins,
1112 361 1194 427 alius
1226 381 1322 446 agros

196 469 331 532 oupere,
361 456 466 530 neque
487 446 635 526 modum,
665 469 769 530 neque
791 447 982 514 modestiam
1004 447 1144 514 viatores
1170 447 1319 515 habere.“

195 571 239 582 —-
256 533 387 600 Hemm
404 534 550 599 lusorum
572 554 745 598 numerum
767 534 824 616 qui
846 542 924 600 ente
946 533 1056 600 oeulos
1077 532 1184 612 habet,
1205 534 1234 597 is
1255 553 1324 598 non

195 619 375 686 verendum
396 625 456 698 est,
478 639 521 684 ne
541 618 800 686 reeteWelfium
822 618 913 685 illam
935 617 1064 697 ,modi“'
1083 638 1194 685 voeern
1211 638 1321 701 repre-

195 706 349 772 hendisse
369 703 534 772 eoneedat.

187 852 191 859 ,
280 791 398 875 Itaque
420 788 461 855 ed
483 789 619 856 alteram
640 789 905 872 reprehensionis
926 796 1054 874 partem
1075 796 1217 869 transeo,
1238 810 1322 873 quae

195 883 321 961 speetut
342 875 384 943 ad
406 874 651 942 collocationem
676 875 849 942 verborum
873 880 906 940 et
928 896 1026 959 quam
1046 874 1123 942 inde
1145 875 1223 940 oriri
1245 896 1320 942 een·

195 971 246 1029 set
267 963 428 1045 interpres
455 961 600 1037 subtilis,
630 961 798 1026 molestam
825 961 1081 1045 ambiguitatem.
1126 959 1322 1044 Opportuna

194 1057 245 1114 est
266 1048 328 1114 hae
356 1048 392 1111 in
420 1068 456 1112 re
478 1044 682 1113 defendentis
704 1046 859 1125 penditio,
889 1067 964 1113 eum
985 1045 1139 1112 fanillime
1165 1053 1322 1113 sementa

195 1156 236 1200 ex
259 1133 333 1198 aliis
355 1132 525 1199 Oieeronis
547 1131 747 1197 orationibus
769 1132 878 1197 afferri
900 1139 1042 1214 possent,
1073 1132 1103 1196 si
1122 1152 1203 1215 opus
1225 1140 1321 1210 esset,

186 1217 354 1302 exempla,
375 1238 457 1300 quas
477 1215 590 1283 eodem
608 1217 740 1283 nomine
762 1217 1032 1300 reprehendenda
1053 1224 1172 1282 essent.
1212 1217 1319 1282 Nimi-

194 1325 269 1370 rum
291 1323 401 1373 eoram
423 1303 584 1369 Romanis
612 1303 668 1368 ille
695 1324 771 1369 suas
797 1304 961 1369 orationes
982 1302 1097 1368 habuit
1118 1322 1243 1385 suoque
1262 1324 1319 1386 po·

194 1389 271 1474 pulo
302 1388 505 1472 eonseripsit,
538 1408 605 1453 non
637 1388 754 1454 horum
786 1395 970 1472 temporum
1003 1387 1164 1453 tironibus
1195 1395 1251 1453 aut
1284 1389 1318 1454 in

194 1480 383 1541 nostrarum
414 1474 600 1542 seholarum
639 1496 736 1540 usum
769 1475 958 1557 oomposuit.
1012 1473 1084 1539 Illis
1117 1480 1204 1540 uerte
1236 1474 1319 1539 nihil

195 1561 338 1645 ambigui
360 1561 469 1626 inerat
490 1561 525 1625 in
546 1559 607 1626 tali
631 1559 805 1625 verberum
830 1559 1050 1638 eolleuatione,
1072 1578 1133 1625 nee
1153 1557 1215 1625 hoe
1237 1568 1319 1624 tem·

193 1660 271 1729 pore
293 1645 329 1710 in
351 1646 573 1729 eequisqnam
593 1645 751 1725 haerebit,
773 1645 829 1730 qui
850 1645 914 1711 loei
935 1645 1130 1710 sententiam
1145 1664 1319 1730 perspexe-

193 1732 245 1796 rit.
280 1732 405 1814 Sponte
427 1731 514 1795 enim
537 1737 682 1814 apparet,
705 1752 780 1796 eum
798 1729 912 1797 Oioero
934 1729 967 1795 id
989 1730 1132 1795 maxime
1154 1748 1318 1814 exponere

192 1816 337 1895 studeat,
367 1838 464 1899 quam
493 1815 670 1900 singularis
703 1815 766 1881 sibi
792 1815 942 1882 videatur
968 1815 1117 1881 (lassaris
1145 1815 1320 1883 elementia

192 1910 226 1968 et
248 1901 467 1987 temperantia
487 1907 520 1966 et
539 1901 721 1969 moderatio
743 1901 855 1980 animi,
885 1921 961 1966 eum
990 1900 1072 1965 illud
1098 1922 1227 1978 „rerum
1248 1922 1317 1967 om-

192 1990 304 2053 nium“
328 1988 370 2052 ad
392 1985 584 2054 voeabulum
616 1986 787 2064 „moduin‘⁴
812 1986 970 2053 retulisse.
1018 1987 1087 2052 Res
1109 1992 1219 2053 autem
1240 1994 1319 2053 sunt

191 2073 267 2138 illae
288 2071 536 2157 intelligendae,
565 2073 683 2155 quibus
703 2071 826 2138 Caesar
847 2079 881 2138 et
908 2079 1006 2137 antea
1026 2092 1182 2156 persaepe
1200 2071 1317 2139 addoni

190 2160 347 2242 potuerit,
369 2167 408 2223 ut
428 2159 464 2222 in
486 2177 550 2237 eos,
570 2157 627 2240 qui
648 2158 795 2240 Pompeii
818 2166 927 2241 partes
949 2158 1050 2224 seauti
1074 2164 1193 2232 essent,
1221 2179 1314 2225 seve-

191 2244 261 2311 rius
283 2244 475 2322 eonsuleret,
504 2253 538 2308 et
558 2242 615 2308 illo
636 2244 711 2326 ipso
732 2242 784 2309 die
806 2244 1015 2323 summoueri,
1038 2249 1075 2308 ut
1096 2241 1135 2307 de
1158 2242 1317 2309 Mareello

192 2336 338 2414 negaret.
380 2328 496 2412 Itaque
525 2349 599 2394 eum
626 2335 735 2394 orator
762 2330 906 2412 reliquas
925 2328 1076 2395 Gesseris
1098 2328 1239 2395 virtutes
1260 2328 1316 2394 ad·

192 2415 269 2481 ditis
298 2413 516 2498 eompluribns
544 2413 713 2480 adieetivis
745 2421 912 2498 tamquam
940 2413 1120 2498 distinguat
1148 2414 1317 2498 magisque

192 2501 317 2579 efferat,
344 2501 416 2584 ipse
437 2499 597 2565 enuntiati
620 2499 824 2566 ooneinnitas
846 2499 1012 2583 postulare
1034 2498 1174 2577 videtur,
1203 2508 1241 2565 ut
1260 2498 1317 2564 ille

193 2587 367 2669 genitivus,
396 2586 452 2669 qui
481 2584 575 2668 quasi
602 2585 753 2651 adieetivi
781 2606 917 2654 munere
944 2585 1109 2669 fungitur,
1138 2605 1214 2650 oum
1235 2606 1316 2652 roos

104 2745 107 2751 ,
196 2670 365 2749 ,modum“
390 2671 615 2755 ooniungatur.
660 2670 766 2749 Adde,
795 2671 880 2754 quod
901 2671 959 2736 illa
983 2690 1132 2749 „mmma
1151 2676 1313 2752 potestus*

193 2755 276 2821 nihil
296 2758 441 2840 requirit,
464 2777 532 2840 quo
549 2757 732 2823 aeeuratius
755 2757 937 2839 explieetur
953 2755 1007 2821 vel
1026 2762 1193 2839 augeatur.
1225 2755 1315 2837 Quin

191 2841 292 2907 etiam
321 2842 489 2909 eolloeatio
516 2842 690 2909 verborum
714 2842 828 2909 dooere
849 2842 993 2920 videtur,
1023 2842 1132 2907 verba*
1149 2841 1315 2917 „omnium

192 2934 321 2993 rerum“
352 2950 394 2994 ex
423 2948 503 2994 vose
533 2927 704 3006 „modum“
735 2927 892 3011 pendere;
920 2947 996 2992 nam
1023 2927 1051 2991 si
1078 2946 1117 2991 ea
1137 2925 1251 2991 (lioero
1273 2925 1314 2990 ad

193 3019 425 3097 „potestatem“
449 3013 563 3079 referri
589 3012 758 3091 volnimet,
784 3019 881 3091 sorte,
906 3049 944 3061 -
969 3013 996 3078 si
1016 3011 1086 3077 eius
1108 3009 1315 3077 eonsuetudi-

190 3120 265 3164 nem
294 3105 383 3165 reete
412 3098 594 3178 observari,
622 3136 663 3146 -
692 3104 766 3182 pest
794 3098 876 3164 illud
911 3104 1075 3176 „summa“
1110 3095 1313 3162 inseruisset.

189 3185 294 3250 Miror
319 3185 434 3269 igitur,
467 3184 554 3268 qued
581 3185 637 3249 ar.
660 3182 807 3263 Richter,
840 3184 895 3267 qui
927 3190 1004 3248 ante
1031 3182 1092 3249 hos
1120 3202 1178 3248 sex
1211 3190 1315 3249 annos

190 3271 370 3336 orationem
402 3292 460 3353 pro
489 3270 647 3336 Mareello
679 3268 781 3334 edidit
808 3270 953 3352 (Lipsiae
990 3273 1096 3348 1870),
1129 3267 1313 3351 genitivum

189 3376 264 3420 eum
281 3355 391 3421 verbis
415 3377 562 3435 „summa
579 3361 756 3439 potestate·
780 3355 933 3440 coniungi
955 3355 1082 3433 maluit,
1104 3354 1239 3418 fortasse
1262 3375 1312 3418 ar-

189 3442 316 3524 gutiore
349 3440 415 3521 illa,
449 3462 545 3524 quam
579 3442 705 3508 veriore
738 3441 946 3507 adnotatione
974 3439 1091 3504 Wolfii
1122 3446 1313 3520 commotus,

188 3527 244 3609 qui
273 3527 396 3604 statuit,
431 3527 564 3593 (lassari
595 3549 660 3592 non
687 3527 825 3605 libuisse,
858 3549 895 3591 eo
924 3548 989 3591 una
1018 3525 1070 3590 die
1099 3523 1250 3590 omnibns
1277 3525 1313 3589 in

187 3612 285 3678 rebus
307 3612 562 3678 moderationem
584 3620 757 3695 praesta-re.
803 3610 868 3679 Sed
897 3612 958 3678 hoe
987 3618 1219 3694 argumentum
1239 3610 1313 3676 nul-

186 3695 255 3761 lum
278 3719 358 3776 esse,
381 3698 447 3762 iam
466 3698 634 3763 Weishius
654 3697 878 3781 eomprebavit
899 3696 951 3761 his
972 3702 1059 3780 (pag.
1085 3697 1156 3775 73);
1182 3697 1313 3774 ,Primo

186 3782 364 3848 tenendum
385 3790 443 3863 est,
470 3783 524 3849 hie
553 3783 642 3866 loqui
666 3790 698 3849 et
720 3792 881 3848 oratorem
904 3791 938 3848 et
959 3782 1165 3862 Oioeronem3
1196 3780 1312 3846 deinde

186 3888 239 3933 res
272 3889 385 3934 omnes
415 3889 499 3947 esse,
533 3868 568 3933 in
601 3870 720 3952 quibus
751 3869 816 3934 iam
851 3868 1106 3934 moderationem
1141 3866 1312 3933 ostendere

185 3953 294 4035 potuit
316 3953 448 4031 Caesar,
470 3954 685 4032 iratundiam,
708 3962 764 4018 aut
785 3962 873 4019 uerte
895 3954 978 4018 iram
1000 3953 1116 4037 ipsam,
1139 3951 1312 4019 viatorium

185 4046 305 4105 natura
326 4039 530 4116 insolentem,
553 4040 658 4121 ipsam
679 4040 907 4124 eogitationem
929 4039 969 4104 de
991 4038 1207 4106 adversarie.“
