<?xml version="1.0" encoding="UTF-8"?>
<!DOCTYPE html PUBLIC "-//W3C//DTD XHTML 1.0 Transitional//EN"
    "http://www.w3.org/TR/xhtml1/DTD/xhtml1-transitional.dtd">
<html xmlns="http://www.w3.org/1999/xhtml" xml:lang="en" lang="en">
 <head>
  <title>
</title>
<meta http-equiv="Content-Type" content="text/html;charset=utf-8" />
  <meta name='ocr-system' content='tesseract 3.04.00' />
  <meta name='ocr-capabilities' content='ocr_page ocr_carea ocr_par ocr_line ocrx_word'/>
</head>
<body>
  <div class='ocr_page' id='page_1' title='image "./orationempromma00hahngoog_0024.png"; bbox 0 0 2962 4836; ppageno 0'>
   <div class='ocr_carea' id='block_1_1' title="bbox 651 249 819 314">
    <p class='ocr_par' dir='ltr' id='par_1_1' title="bbox 651 249 819 314">
     <span class='ocr_line' id='line_1_1' title="bbox 651 249 819 314; baseline -0.006 -16"><span class='ocrx_word' id='word_1_1' title='bbox 651 249 819 314; x_wconf 63' lang='lat'>...10-</span> 
     </span>
    </p>
   </div>
   <div class='ocr_carea' id='block_1_2' title="bbox 170 416 1302 1020">
    <p class='ocr_par' dir='ltr' id='par_1_2' title="bbox 170 416 1302 1020">
     <span class='ocr_line' id='line_1_2' title="bbox 171 416 1302 503; baseline -0.004 -13"><span class='ocrx_word' id='word_1_2' title='bbox 171 420 363 503; x_wconf 62' lang='lat' dir='ltr'>concedam</span> <span class='ocrx_word' id='word_1_3' title='bbox 401 425 440 486; x_wconf 93' lang='lat' dir='ltr'>ut</span> <span class='ocrx_word' id='word_1_4' title='bbox 485 420 578 486; x_wconf 86' lang='lat' dir='ltr'>illam</span> <span class='ocrx_word' id='word_1_5' title='bbox 615 439 686 484; x_wconf 84' lang='lat' dir='ltr'>rem</span> <span class='ocrx_word' id='word_1_6' title='bbox 724 420 776 487; x_wconf 88' lang='lat' dir='ltr'>vel</span> <span class='ocrx_word' id='word_1_7' title='bbox 815 419 958 485; x_wconf 83' lang='lat' dir='ltr'>maxime</span> <span class='ocrx_word' id='word_1_8' title='bbox 997 416 1190 486; x_wconf 86' lang='lat' dir='ltr'>documento</span> <span class='ocrx_word' id='word_1_9' title='bbox 1227 439 1302 486; x_wconf 84' lang='lat' dir='ltr'>asse</span> 
     </span>
     <span class='ocr_line' id='line_1_3' title="bbox 172 504 1300 588; baseline -0.004 -13"><span class='ocrx_word' id='word_1_10' title='bbox 172 506 382 586; x_wconf 80' lang='lat' dir='ltr'>contendam,</span> <span class='ocrx_word' id='word_1_11' title='bbox 423 506 605 571; x_wconf 84' lang='lat' dir='ltr'>orationem</span> <span class='ocrx_word' id='word_1_12' title='bbox 636 526 703 570; x_wconf 90' lang='lat' dir='ltr'>non</span> <span class='ocrx_word' id='word_1_13' title='bbox 736 525 807 570; x_wconf 89' lang='lat' dir='ltr'>esse</span> <span class='ocrx_word' id='word_1_14' title='bbox 839 504 1067 571; x_wconf 87' lang='lat' dir='ltr'>declamatoris</span> <span class='ocrx_word' id='word_1_15' title='bbox 1098 506 1300 588; x_wconf 78' lang='lat' dir='ltr'>insequentis</span> 
     </span>
     <span class='ocr_line' id='line_1_4' title="bbox 171 590 1300 675; baseline -0.003 -15"><span class='ocrx_word' id='word_1_16' title='bbox 171 595 252 662; x_wconf 85' lang='lat' dir='ltr'>aevi</span> <span class='ocrx_word' id='word_1_17' title='bbox 312 592 399 658; x_wconf 86' lang='lat' dir='ltr'>Nam</span> <span class='ocrx_word' id='word_1_18' title='bbox 434 592 464 657; x_wconf 90' lang='lat' dir='ltr'>si</span> <span class='ocrx_word' id='word_1_19' title='bbox 501 593 658 675; x_wconf 89' lang='lat' dir='ltr'>magister</span> <span class='ocrx_word' id='word_1_20' title='bbox 690 598 748 656; x_wconf 86' lang='lat' dir='ltr'>aut</span> <span class='ocrx_word' id='word_1_21' title='bbox 787 591 848 656; x_wconf 88' lang='lat' dir='ltr'>tiro</span> <span class='ocrx_word' id='word_1_22' title='bbox 886 591 921 655; x_wconf 91' lang='lat' dir='ltr'>in</span> <span class='ocrx_word' id='word_1_23' title='bbox 960 590 1145 657; x_wconf 86' lang='lat' dir='ltr'>scholarum</span> <span class='ocrx_word' id='word_1_24' title='bbox 1184 592 1300 657; x_wconf 83' lang='lat' dir='ltr'>umbra</span> 
     </span>
     <span class='ocr_line' id='line_1_5' title="bbox 172 675 1299 761; baseline -0.004 -14"><span class='ocrx_word' id='word_1_25' title='bbox 172 700 244 747; x_wconf 86' lang='lat' dir='ltr'>eam</span> <span class='ocrx_word' id='word_1_26' title='bbox 266 678 307 746; x_wconf 90' lang='lat' dir='ltr'>ad</span> <span class='ocrx_word' id='word_1_27' title='bbox 330 677 499 761; x_wconf 85' lang='lat' dir='ltr'>exemplar</span> <span class='ocrx_word' id='word_1_28' title='bbox 521 675 690 743; x_wconf 74' lang='lat' dir='ltr'>Ciceronis</span> <span class='ocrx_word' id='word_1_29' title='bbox 711 676 946 758; x_wconf 71' lang='lat' dir='ltr'>composuisset</span> <span class='ocrx_word' id='word_1_30' title='bbox 965 684 1063 755; x_wconf 85' lang='lat' dir='ltr'>certe,</span> <span class='ocrx_word' id='word_1_31' title='bbox 1086 698 1149 759; x_wconf 89' lang='lat' dir='ltr'>quo</span> <span class='ocrx_word' id='word_1_32' title='bbox 1170 676 1299 742; x_wconf 82' lang='lat' dir='ltr'>facilius</span> 
     </span>
     <span class='ocr_line' id='line_1_6' title="bbox 171 761 1300 846; baseline -0.004 -14"><span class='ocrx_word' id='word_1_33' title='bbox 171 785 269 833; x_wconf 88' lang='lat' dir='ltr'>suum</span> <span class='ocrx_word' id='word_1_34' title='bbox 296 784 378 846; x_wconf 87' lang='lat' dir='ltr'>opus</span> <span class='ocrx_word' id='word_1_35' title='bbox 401 763 569 828; x_wconf 89' lang='lat' dir='ltr'>Oiceronis</span> <span class='ocrx_word' id='word_1_36' title='bbox 596 783 667 827; x_wconf 90' lang='lat' dir='ltr'>esse</span> <span class='ocrx_word' id='word_1_37' title='bbox 695 762 885 844; x_wconf 79' lang='lat' dir='ltr'>aequalibus</span> <span class='ocrx_word' id='word_1_38' title='bbox 912 761 1137 844; x_wconf 88' lang='lat' dir='ltr'>persuaderet,</span> <span class='ocrx_word' id='word_1_39' title='bbox 1171 783 1300 827; x_wconf 87' lang='lat' dir='ltr'>summa</span> 
     </span>
     <span class='ocr_line' id='line_1_7' title="bbox 171 846 1298 935; baseline -0.003 -18"><span class='ocrx_word' id='word_1_40' title='bbox 171 849 344 935; x_wconf 89' lang='lat' dir='ltr'>diligentia</span> <span class='ocrx_word' id='word_1_41' title='bbox 366 846 512 914; x_wconf 89' lang='lat' dir='ltr'>adhibita</span> <span class='ocrx_word' id='word_1_42' title='bbox 533 848 697 926; x_wconf 70' lang='lat' dir='ltr'>evitasset,</span> <span class='ocrx_word' id='word_1_43' title='bbox 727 868 812 929; x_wconf 87' lang='lat' dir='ltr'>quae</span> <span class='ocrx_word' id='word_1_44' title='bbox 837 848 920 912; x_wconf 89' lang='lat' dir='ltr'>forte</span> <span class='ocrx_word' id='word_1_45' title='bbox 948 847 1073 913; x_wconf 72' lang='lat' dir='ltr'>fraudis</span> <span class='ocrx_word' id='word_1_46' title='bbox 1101 847 1207 914; x_wconf 84' lang='lat' dir='ltr'>factae</span> <span class='ocrx_word' id='word_1_47' title='bbox 1227 871 1298 914; x_wconf 85' lang='lat' dir='ltr'>eus-</span> 
     </span>
     <span class='ocr_line' id='line_1_8' title="bbox 170 930 1298 1020; baseline -0.003 -18"><span class='ocrx_word' id='word_1_48' title='bbox 170 938 332 1020; x_wconf 90' lang='lat' dir='ltr'>picionem</span> <span class='ocrx_word' id='word_1_49' title='bbox 359 954 491 1000; x_wconf 88' lang='lat' dir='ltr'>movere</span> <span class='ocrx_word' id='word_1_50' title='bbox 520 939 661 1016; x_wconf 85' lang='lat' dir='ltr'>possent</span> <span class='ocrx_word' id='word_1_51' title='bbox 707 930 803 1013; x_wconf 78' lang='lat' dir='ltr'>Quod</span> <span class='ocrx_word' id='word_1_52' title='bbox 830 953 903 998; x_wconf 88' lang='lat' dir='ltr'>oum</span> <span class='ocrx_word' id='word_1_53' title='bbox 926 931 1090 998; x_wconf 82' lang='lat' dir='ltr'>facturum</span> <span class='ocrx_word' id='word_1_54' title='bbox 1118 932 1219 1002; x_wconf 83' lang='lat' dir='ltr'>fuisse</span> <span class='ocrx_word' id='word_1_55' title='bbox 1241 933 1298 999; x_wconf 86' lang='lat' dir='ltr'>ad·</span> 
     </span>
    </p>
   </div>
   <div class='ocr_carea' id='block_1_3' title="bbox 171 1016 1300 1534">
    <p class='ocr_par' dir='ltr' id='par_1_3' title="bbox 171 1016 1300 1534">
     <span class='ocr_line' id='line_1_9' title="bbox 172 1016 1299 1103; baseline -0.003 -16"><span class='ocrx_word' id='word_1_56' title='bbox 172 1021 338 1097; x_wconf 76' lang='lat' dir='ltr'>ducimur,</span> <span class='ocrx_word' id='word_1_57' title='bbox 368 1025 406 1084; x_wconf 92' lang='lat' dir='ltr'>ut</span> <span class='ocrx_word' id='word_1_58' title='bbox 435 1024 587 1103; x_wconf 90' lang='lat' dir='ltr'>putemus</span> <span class='ocrx_word' id='word_1_59' title='bbox 616 1039 668 1096; x_wconf 89' lang='lat' dir='ltr'>eo,</span> <span class='ocrx_word' id='word_1_60' title='bbox 703 1016 789 1100; x_wconf 92' lang='lat' dir='ltr'>quod</span> <span class='ocrx_word' id='word_1_61' title='bbox 818 1023 932 1083; x_wconf 85' lang='lat' dir='ltr'>auctor</span> <span class='ocrx_word' id='word_1_62' title='bbox 960 1023 1028 1082; x_wconf 88' lang='lat' dir='ltr'>tota</span> <span class='ocrx_word' id='word_1_63' title='bbox 1054 1019 1201 1084; x_wconf 87' lang='lat' dir='ltr'>oratione</span> <span class='ocrx_word' id='word_1_64' title='bbox 1230 1026 1299 1084; x_wconf 91' lang='lat' dir='ltr'>tam</span> 
     </span>
     <span class='ocr_line' id='line_1_10' title="bbox 171 1103 1300 1191; baseline -0.004 -18"><span class='ocrx_word' id='word_1_65' title='bbox 171 1106 314 1191; x_wconf 90' lang='lat' dir='ltr'>peritum</span> <span class='ocrx_word' id='word_1_66' title='bbox 347 1104 477 1190; x_wconf 84' lang='lat' dir='ltr'>generis</span> <span class='ocrx_word' id='word_1_67' title='bbox 507 1103 654 1168; x_wconf 75' lang='lat' dir='ltr'>Tulliani</span> <span class='ocrx_word' id='word_1_68' title='bbox 681 1124 717 1168; x_wconf 88' lang='lat' dir='ltr'>se</span> <span class='ocrx_word' id='word_1_69' title='bbox 749 1110 901 1187; x_wconf 83' lang='lat' dir='ltr'>praestat,</span> <span class='ocrx_word' id='word_1_70' title='bbox 934 1110 972 1176; x_wconf 86' lang='lat' dir='ltr'>ut</span> <span class='ocrx_word' id='word_1_71' title='bbox 1005 1124 1104 1168; x_wconf 85' lang='lat' dir='ltr'>suum</span> <span class='ocrx_word' id='word_1_72' title='bbox 1132 1104 1300 1187; x_wconf 79' lang='lat' dir='ltr'>exemplar</span> 
     </span>
     <span class='ocr_line' id='line_1_11' title="bbox 171 1188 1299 1274; baseline -0.003 -17"><span class='ocrx_word' id='word_1_73' title='bbox 171 1191 332 1259; x_wconf 88' lang='lat' dir='ltr'>imitando</span> <span class='ocrx_word' id='word_1_74' title='bbox 352 1210 488 1274; x_wconf 89' lang='lat' dir='ltr'>prorsus</span> <span class='ocrx_word' id='word_1_75' title='bbox 515 1190 698 1272; x_wconf 76' lang='lat' dir='ltr'>exprimere</span> <span class='ocrx_word' id='word_1_76' title='bbox 720 1188 881 1257; x_wconf 84' lang='lat' dir='ltr'>videatur.</span> <span class='ocrx_word' id='word_1_77' title='bbox 927 1188 995 1254; x_wconf 77' lang='lat' dir='ltr'>Sed</span> <span class='ocrx_word' id='word_1_78' title='bbox 1022 1188 1186 1255; x_wconf 89' lang='lat' dir='ltr'>desiderat</span> <span class='ocrx_word' id='word_1_79' title='bbox 1206 1189 1299 1254; x_wconf 90' lang='lat' dir='ltr'>Wol-</span> 
     </span>
     <span class='ocr_line' id='line_1_12' title="bbox 171 1272 1298 1358; baseline -0.004 -14"><span class='ocrx_word' id='word_1_80' title='bbox 171 1278 236 1345; x_wconf 86' lang='lat' dir='ltr'>fius</span> <span class='ocrx_word' id='word_1_81' title='bbox 258 1298 367 1344; x_wconf 89' lang='lat' dir='ltr'>veram</span> <span class='ocrx_word' id='word_1_82' title='bbox 389 1275 480 1341; x_wconf 88' lang='lat' dir='ltr'>illam</span> <span class='ocrx_word' id='word_1_83' title='bbox 498 1283 603 1340; x_wconf 89' lang='lat' dir='ltr'>artem</span> <span class='ocrx_word' id='word_1_84' title='bbox 622 1272 789 1339; x_wconf 88' lang='lat' dir='ltr'>Oioeronis</span> <span class='ocrx_word' id='word_1_85' title='bbox 810 1274 845 1337; x_wconf 92' lang='lat' dir='ltr'>in</span> <span class='ocrx_word' id='word_1_86' title='bbox 868 1274 1040 1340; x_wconf 86' lang='lat' dir='ltr'>sententiis</span> <span class='ocrx_word' id='word_1_87' title='bbox 1061 1275 1298 1358; x_wconf 89' lang='lat' dir='ltr'>coniungendis</span> 
     </span>
     <span class='ocr_line' id='line_1_13' title="bbox 172 1361 1297 1441; baseline -0.004 -10"><span class='ocrx_word' id='word_1_88' title='bbox 172 1370 206 1432; x_wconf 86' lang='lat' dir='ltr'>et</span> <span class='ocrx_word' id='word_1_89' title='bbox 226 1361 474 1441; x_wconf 89' lang='lat' dir='ltr'>concludendis;</span> <span class='ocrx_word' id='word_1_90' title='bbox 503 1362 613 1425; x_wconf 89' lang='lat' dir='ltr'>omnia</span> <span class='ocrx_word' id='word_1_91' title='bbox 633 1369 744 1424; x_wconf 88' lang='lat' dir='ltr'>censet</span> <span class='ocrx_word' id='word_1_92' title='bbox 766 1361 801 1424; x_wconf 90' lang='lat' dir='ltr'>in</span> <span class='ocrx_word' id='word_1_93' title='bbox 822 1361 968 1424; x_wconf 86' lang='lat' dir='ltr'>oratione</span> <span class='ocrx_word' id='word_1_94' title='bbox 990 1361 1100 1428; x_wconf 83' lang='lat' dir='ltr'>verbis</span> <span class='ocrx_word' id='word_1_95' title='bbox 1122 1362 1219 1426; x_wconf 84' lang='lat' dir='ltr'>nimis</span> <span class='ocrx_word' id='word_1_96' title='bbox 1241 1382 1297 1426; x_wconf 86' lang='lat' dir='ltr'>ex·</span> 
     </span>
     <span class='ocr_line' id='line_1_14' title="bbox 172 1443 1298 1534; baseline 0 -19"><span class='ocrx_word' id='word_1_97' title='bbox 172 1457 326 1534; x_wconf 77' lang='lat' dir='ltr'>aggerata</span> <span class='ocrx_word' id='word_1_98' title='bbox 347 1453 380 1512; x_wconf 92' lang='lat' dir='ltr'>et</span> <span class='ocrx_word' id='word_1_99' title='bbox 401 1446 520 1530; x_wconf 86' lang='lat' dir='ltr'>frigida</span> <span class='ocrx_word' id='word_1_100' title='bbox 541 1443 655 1523; x_wconf 88' lang='lat' dir='ltr'>videri,</span> <span class='ocrx_word' id='word_1_101' title='bbox 684 1443 803 1528; x_wconf 91' lang='lat' dir='ltr'>ubique</span> <span class='ocrx_word' id='word_1_102' title='bbox 824 1445 999 1511; x_wconf 87' lang='lat' dir='ltr'>verborum</span> <span class='ocrx_word' id='word_1_103' title='bbox 1021 1446 1074 1513; x_wconf 91' lang='lat' dir='ltr'>vel</span> <span class='ocrx_word' id='word_1_104' title='bbox 1100 1446 1298 1530; x_wconf 85' lang='lat' dir='ltr'>optimorum</span> 
     </span>
    </p>
   </div>
   <div class='ocr_carea' id='block_1_4' title="bbox 54 1527 1298 1613">
    <p class='ocr_par' dir='ltr' id='par_1_4' title="bbox 54 1527 1298 1613">
     <span class='ocr_line' id='line_1_15' title="bbox 54 1527 1298 1613; baseline -0.003 -12"><span class='ocrx_word' id='word_1_105' title='bbox 54 1532 56 1536; x_wconf 69' lang='grc'><strong>’</strong></span> <span class='ocrx_word' id='word_1_106' title='bbox 171 1535 315 1601; x_wconf 88' lang='lat' dir='ltr'>sonitum</span> <span class='ocrx_word' id='word_1_107' title='bbox 345 1533 479 1597; x_wconf 85' lang='lat' dir='ltr'>inanem</span> <span class='ocrx_word' id='word_1_108' title='bbox 518 1531 609 1596; x_wconf 88' lang='lat' dir='ltr'>nulle</span> <span class='ocrx_word' id='word_1_109' title='bbox 641 1536 699 1595; x_wconf 87' lang='lat' dir='ltr'>aut</span> <span class='ocrx_word' id='word_1_110' title='bbox 733 1529 846 1613; x_wconf 88' lang='lat' dir='ltr'>inepte</span> <span class='ocrx_word' id='word_1_111' title='bbox 881 1527 1030 1596; x_wconf 84' lang='lat' dir='ltr'>subiecta&#39;</span> <span class='ocrx_word' id='word_1_112' title='bbox 1053 1531 1217 1597; x_wconf 88' lang='lat' dir='ltr'>sententia</span> <span class='ocrx_word' id='word_1_113' title='bbox 1244 1530 1298 1597; x_wconf 71' lang='lat' dir='ltr'>de</span> 
     </span>
    </p>
   </div>
   <div class='ocr_carea' id='block_1_5' title="bbox 168 1614 1299 2041">
    <p class='ocr_par' dir='ltr' id='par_1_5' title="bbox 168 1614 1299 2041">
     <span class='ocr_line' id='line_1_16' title="bbox 211 1614 1299 1698; baseline -0.004 -12"><span class='ocrx_word' id='word_1_114' title='bbox 211 1619 340 1698; x_wconf 87' lang='lat' dir='ltr'>ehendi,</span> <span class='ocrx_word' id='word_1_115' title='bbox 363 1615 509 1685; x_wconf 88' lang='lat' dir='ltr'>studiose</span> <span class='ocrx_word' id='word_1_116' title='bbox 531 1614 661 1682; x_wconf 90' lang='lat' dir='ltr'>dicendi</span> <span class='ocrx_word' id='word_1_117' title='bbox 683 1623 885 1695; x_wconf 85' lang='lat' dir='ltr'>ornamenta,</span> <span class='ocrx_word' id='word_1_118' title='bbox 912 1614 1049 1696; x_wconf 86' lang='lat' dir='ltr'>lumine,</span> <span class='ocrx_word' id='word_1_119' title='bbox 1071 1617 1224 1684; x_wconf 85' lang='lat' dir='ltr'>flosculos</span> <span class='ocrx_word' id='word_1_120' title='bbox 1245 1617 1299 1682; x_wconf 85' lang='lat' dir='ltr'>ad-</span> 
     </span>
     <span class='ocr_line' id='line_1_17' title="bbox 168 1640 1298 1787; baseline -0.004 -15"><span class='ocrx_word' id='word_1_121' title='bbox 168 1640 289 1783; x_wconf 62' lang='lat' dir='ltr'>libita,</span> <span class='ocrx_word' id='word_1_122' title='bbox 320 1703 459 1787; x_wconf 87' lang='lat' dir='ltr'>denique</span> <span class='ocrx_word' id='word_1_123' title='bbox 485 1702 605 1769; x_wconf 85' lang='lat' dir='ltr'>factam</span> <span class='ocrx_word' id='word_1_124' title='bbox 627 1700 732 1769; x_wconf 89' lang='lat' dir='ltr'>videri</span> <span class='ocrx_word' id='word_1_125' title='bbox 760 1709 793 1765; x_wconf 92' lang='lat' dir='ltr'>et</span> <span class='ocrx_word' id='word_1_126' title='bbox 821 1701 932 1767; x_wconf 85' lang='lat' dir='ltr'>dedita</span> <span class='ocrx_word' id='word_1_127' title='bbox 959 1722 1056 1784; x_wconf 89' lang='lat' dir='ltr'>opera</span> <span class='ocrx_word' id='word_1_128' title='bbox 1078 1709 1298 1786; x_wconf 86' lang='lat' dir='ltr'>comparatam</span> 
     </span>
     <span class='ocr_line' id='line_1_18' title="bbox 170 1785 1299 1872; baseline -0.005 -15"><span class='ocrx_word' id='word_1_129' title='bbox 170 1790 352 1861; x_wconf 84' lang='lat' dir='ltr'>cretionem</span> <span class='ocrx_word' id='word_1_130' title='bbox 381 1797 440 1854; x_wconf 88' lang='lat' dir='ltr'>aut</span> <span class='ocrx_word' id='word_1_131' title='bbox 472 1789 601 1855; x_wconf 86' lang='lat' dir='ltr'>artificii</span> <span class='ocrx_word' id='word_1_132' title='bbox 634 1785 840 1870; x_wconf 85' lang='lat' dir='ltr'>significandi</span> <span class='ocrx_word' id='word_1_133' title='bbox 870 1794 927 1852; x_wconf 88' lang='lat' dir='ltr'>ant</span> <span class='ocrx_word' id='word_1_134' title='bbox 954 1787 1081 1872; x_wconf 83' lang='lat' dir='ltr'>ingenii</span> <span class='ocrx_word' id='word_1_135' title='bbox 1107 1787 1299 1857; x_wconf 82' lang='lat' dir='ltr'>venditandi</span> 
     </span>
     <span class='ocr_line' id='line_1_19' title="bbox 170 1870 778 1945; baseline -0.01 0"><span class='ocrx_word' id='word_1_136' title='bbox 170 1884 229 1945; x_wconf 86' lang='lat' dir='ltr'>aut</span> <span class='ocrx_word' id='word_1_137' title='bbox 249 1873 443 1943; x_wconf 85' lang='lat' dir='ltr'>memoriam</span> <span class='ocrx_word' id='word_1_138' title='bbox 465 1870 650 1938; x_wconf 90' lang='lat' dir='ltr'>ostentandi</span> <span class='ocrx_word' id='word_1_139' title='bbox 672 1892 778 1940; x_wconf 85' lang='lat' dir='ltr'>cansa.</span> 
     </span>
     <span class='ocr_line' id='line_1_20' title="bbox 256 1957 1298 2041; baseline -0.002 -14"><span class='ocrx_word' id='word_1_140' title='bbox 256 1960 347 2027; x_wconf 89' lang='lat' dir='ltr'>Huic</span> <span class='ocrx_word' id='word_1_141' title='bbox 378 1958 559 2025; x_wconf 87' lang='lat' dir='ltr'>sententiae</span> <span class='ocrx_word' id='word_1_142' title='bbox 591 1979 723 2041; x_wconf 85' lang='lat' dir='ltr'>prorsus</span> <span class='ocrx_word' id='word_1_143' title='bbox 739 1959 956 2024; x_wconf 85' lang='lat' dir='ltr'>contrarium</span> <span class='ocrx_word' id='word_1_144' title='bbox 985 1957 1025 2023; x_wconf 90' lang='lat' dir='ltr'>dc</span> <span class='ocrx_word' id='word_1_145' title='bbox 1059 1958 1121 2025; x_wconf 91' lang='lat' dir='ltr'>hac</span> <span class='ocrx_word' id='word_1_146' title='bbox 1153 1959 1298 2025; x_wconf 88' lang='lat' dir='ltr'>oratione</span> 
     </span>
    </p>
   </div>
   <div class='ocr_carea' id='block_1_6' title="bbox 47 2043 1298 2128">
    <p class='ocr_par' dir='ltr' id='par_1_6' title="bbox 47 2043 1298 2128">
     <span class='ocr_line' id='line_1_21' title="bbox 47 2043 1298 2128; baseline -0.004 -13"><span class='ocrx_word' id='word_1_147' title='bbox 47 2091 51 2101; x_wconf 69' lang='lat'>,</span> <span class='ocrx_word' id='word_1_148' title='bbox 170 2046 254 2115; x_wconf 80' lang='lat' dir='ltr'>isoio</span> <span class='ocrx_word' id='word_1_149' title='bbox 281 2043 438 2111; x_wconf 88' lang='lat' dir='ltr'>iudicium</span> <span class='ocrx_word' id='word_1_150' title='bbox 467 2050 500 2107; x_wconf 90' lang='lat' dir='ltr'>et</span> <span class='ocrx_word' id='word_1_151' title='bbox 527 2064 655 2111; x_wconf 89' lang='lat' dir='ltr'>mecum</span> <span class='ocrx_word' id='word_1_152' title='bbox 685 2044 830 2113; x_wconf 84' lang='lat' dir='ltr'>facturos</span> <span class='ocrx_word' id='word_1_153' title='bbox 856 2064 926 2110; x_wconf 90' lang='lat' dir='ltr'>esse</span> <span class='ocrx_word' id='word_1_154' title='bbox 953 2064 1049 2127; x_wconf 89' lang='lat' dir='ltr'>spero</span> <span class='ocrx_word' id='word_1_155' title='bbox 1076 2065 1208 2125; x_wconf 85' lang='lat' dir='ltr'>omnes,</span> <span class='ocrx_word' id='word_1_156' title='bbox 1241 2044 1298 2128; x_wconf 90' lang='lat' dir='ltr'>qui</span> 
     </span>
    </p>
   </div>
   <div class='ocr_carea' id='block_1_7' title="bbox 119 2127 1350 4267">
    <p class='ocr_par' dir='ltr' id='par_1_7' title="bbox 119 2127 1350 4267">
     <span class='ocr_line' id='line_1_22' title="bbox 171 2127 1298 2216; baseline -0.001 -19"><span class='ocrx_word' id='word_1_157' title='bbox 171 2131 303 2216; x_wconf 86' lang='lat' dir='ltr'>quidem</span> <span class='ocrx_word' id='word_1_158' title='bbox 329 2129 448 2199; x_wconf 81' lang='lat' dir='ltr'>sinceri</span> <span class='ocrx_word' id='word_1_159' title='bbox 477 2136 511 2195; x_wconf 89' lang='lat' dir='ltr'>et</span> <span class='ocrx_word' id='word_1_160' title='bbox 538 2130 660 2213; x_wconf 80' lang='lat' dir='ltr'>integri</span> <span class='ocrx_word' id='word_1_161' title='bbox 688 2127 811 2196; x_wconf 90' lang='lat' dir='ltr'>iudices</span> <span class='ocrx_word' id='word_1_162' title='bbox 840 2151 910 2195; x_wconf 90' lang='lat' dir='ltr'>esse</span> <span class='ocrx_word' id='word_1_163' title='bbox 937 2129 1050 2197; x_wconf 89' lang='lat' dir='ltr'>velint.</span> <span class='ocrx_word' id='word_1_164' title='bbox 1094 2129 1182 2196; x_wconf 80' lang='lat' dir='ltr'>Mihi</span> <span class='ocrx_word' id='word_1_165' title='bbox 1208 2131 1298 2196; x_wconf 87' lang='lat' dir='ltr'>enim</span> 
     </span>
     <span class='ocr_line' id='line_1_23' title="bbox 170 2214 1298 2300; baseline -0.005 -13"><span class='ocrx_word' id='word_1_166' title='bbox 170 2218 207 2287; x_wconf 90' lang='lat' dir='ltr'>in</span> <span class='ocrx_word' id='word_1_167' title='bbox 228 2239 268 2287; x_wconf 89' lang='lat' dir='ltr'>ea</span> <span class='ocrx_word' id='word_1_168' title='bbox 289 2224 450 2300; x_wconf 85' lang='lat' dir='ltr'>quantum</span> <span class='ocrx_word' id='word_1_169' title='bbox 470 2234 616 2299; x_wconf 87' lang='lat' dir='ltr'>quaeque</span> <span class='ocrx_word' id='word_1_170' title='bbox 638 2236 690 2280; x_wconf 89' lang='lat' dir='ltr'>res</span> <span class='ocrx_word' id='word_1_171' title='bbox 712 2223 847 2281; x_wconf 85' lang='lat' dir='ltr'>ornatus</span> <span class='ocrx_word' id='word_1_172' title='bbox 865 2221 923 2280; x_wconf 90' lang='lat' dir='ltr'>aut</span> <span class='ocrx_word' id='word_1_173' title='bbox 944 2214 1131 2298; x_wconf 71' lang='lat' dir='ltr'>postulabat</span> <span class='ocrx_word' id='word_1_174' title='bbox 1153 2223 1298 2285; x_wconf 88' lang='lat' dir='ltr'>autnon</span> 
     </span>
     <span class='ocr_line' id='line_1_24' title="bbox 171 2299 1297 2389; baseline -0.003 -20"><span class='ocrx_word' id='word_1_175' title='bbox 171 2301 374 2389; x_wconf 84' lang='lat' dir='ltr'>repudiabat,</span> <span class='ocrx_word' id='word_1_176' title='bbox 403 2300 438 2368; x_wconf 91' lang='lat' dir='ltr'>id</span> <span class='ocrx_word' id='word_1_177' title='bbox 459 2321 555 2366; x_wconf 91' lang='lat' dir='ltr'>omne</span> <span class='ocrx_word' id='word_1_178' title='bbox 577 2299 618 2365; x_wconf 89' lang='lat' dir='ltr'>ad</span> <span class='ocrx_word' id='word_1_179' title='bbox 640 2301 761 2364; x_wconf 91' lang='lat' dir='ltr'>mirum</span> <span class='ocrx_word' id='word_1_180' title='bbox 789 2300 952 2383; x_wconf 88' lang='lat' dir='ltr'>quendam</span> <span class='ocrx_word' id='word_1_181' title='bbox 981 2301 1074 2384; x_wconf 85' lang='lat' dir='ltr'>quasi</span> <span class='ocrx_word' id='word_1_182' title='bbox 1102 2321 1297 2367; x_wconf 82' lang='lat' dir='ltr'>consensum</span> 
     </span>
     <span class='ocr_line' id='line_1_25' title="bbox 171 2385 1295 2469; baseline -0.004 -12"><span class='ocrx_word' id='word_1_183' title='bbox 171 2397 428 2469; x_wconf 90' lang='lat' dir='ltr'>concentumque</span> <span class='ocrx_word' id='word_1_184' title='bbox 456 2406 565 2451; x_wconf 91' lang='lat' dir='ltr'>rerum</span> <span class='ocrx_word' id='word_1_185' title='bbox 596 2393 628 2451; x_wconf 88' lang='lat' dir='ltr'>et</span> <span class='ocrx_word' id='word_1_186' title='bbox 657 2385 832 2452; x_wconf 87' lang='lat' dir='ltr'>verborum</span> <span class='ocrx_word' id='word_1_187' title='bbox 860 2394 1079 2469; x_wconf 89' lang='lat' dir='ltr'>temperatum</span> <span class='ocrx_word' id='word_1_188' title='bbox 1107 2408 1179 2452; x_wconf 91' lang='lat' dir='ltr'>esse</span> <span class='ocrx_word' id='word_1_189' title='bbox 1205 2388 1295 2454; x_wconf 91' lang='lat' dir='ltr'>vide·</span> 
     </span>
     <span class='ocr_line' id='line_1_26' title="bbox 171 2469 1350 2555; baseline -0.001 -16"><span class='ocrx_word' id='word_1_190' title='bbox 171 2481 226 2543; x_wconf 88' lang='lat' dir='ltr'>tur</span> <span class='ocrx_word' id='word_1_191' title='bbox 232 2498 241 2554; x_wconf 90' lang='lat'>;</span> <span class='ocrx_word' id='word_1_192' title='bbox 263 2472 320 2539; x_wconf 89' lang='lat' dir='ltr'>sed</span> <span class='ocrx_word' id='word_1_193' title='bbox 341 2472 525 2539; x_wconf 88' lang='lat' dir='ltr'>liberiorem</span> <span class='ocrx_word' id='word_1_194' title='bbox 544 2469 708 2555; x_wconf 85' lang='lat' dir='ltr'>quendem</span> <span class='ocrx_word' id='word_1_195' title='bbox 725 2493 898 2539; x_wconf 88' lang='lat' dir='ltr'>numerum</span> <span class='ocrx_word' id='word_1_196' title='bbox 920 2471 1118 2554; x_wconf 88' lang='lat' dir='ltr'>modumque</span> <span class='ocrx_word' id='word_1_197' title='bbox 1140 2472 1297 2538; x_wconf 88' lang='lat' dir='ltr'>orationis</span> <span class='ocrx_word' id='word_1_198' title='bbox 1348 2543 1350 2547; x_wconf 64' lang='grc'><em>,</em></span> 
     </span>
     <span class='ocr_line' id='line_1_27' title="bbox 171 2556 1298 2642; baseline -0.002 -16"><span class='ocrx_word' id='word_1_199' title='bbox 171 2559 354 2626; x_wconf 89' lang='lat' dir='ltr'>adhibitum</span> <span class='ocrx_word' id='word_1_200' title='bbox 382 2578 519 2639; x_wconf 89' lang='lat' dir='ltr'>eumque</span> <span class='ocrx_word' id='word_1_201' title='bbox 548 2576 614 2623; x_wconf 86' lang='lat' dir='ltr'>non</span> <span class='ocrx_word' id='word_1_202' title='bbox 639 2557 824 2639; x_wconf 86' lang='lat' dir='ltr'>quaesitum</span> <span class='ocrx_word' id='word_1_203' title='bbox 846 2578 926 2637; x_wconf 88' lang='lat' dir='ltr'>esse,</span> <span class='ocrx_word' id='word_1_204' title='bbox 950 2556 1008 2622; x_wconf 92' lang='lat' dir='ltr'>sed</span> <span class='ocrx_word' id='word_1_205' title='bbox 1028 2564 1175 2625; x_wconf 85' lang='lat' dir='ltr'>secutum</span> <span class='ocrx_word' id='word_1_206' title='bbox 1197 2580 1298 2642; x_wconf 82' lang='lat' dir='ltr'>appa-</span> 
     </span>
     <span class='ocr_line' id='line_1_28' title="bbox 171 2642 1297 2726; baseline 0 -16"><span class='ocrx_word' id='word_1_207' title='bbox 171 2655 231 2715; x_wconf 83' lang='lat' dir='ltr'>ret.</span> <span class='ocrx_word' id='word_1_208' title='bbox 286 2642 494 2726; x_wconf 78' lang='lat' dir='ltr'>Quamquam</span> <span class='ocrx_word' id='word_1_209' title='bbox 533 2662 599 2707; x_wconf 88' lang='lat' dir='ltr'>non</span> <span class='ocrx_word' id='word_1_210' title='bbox 638 2662 739 2724; x_wconf 83' lang='lat' dir='ltr'>nego,</span> <span class='ocrx_word' id='word_1_211' title='bbox 780 2643 953 2708; x_wconf 89' lang='lat' dir='ltr'>elationem</span> <span class='ocrx_word' id='word_1_212' title='bbox 993 2650 1025 2708; x_wconf 93' lang='lat' dir='ltr'>et</span> <span class='ocrx_word' id='word_1_213' title='bbox 1064 2643 1297 2710; x_wconf 82' lang='lat' dir='ltr'>sublimitatem</span> 
     </span>
     <span class='ocr_line' id='line_1_29' title="bbox 119 2728 1296 2811; baseline -0.001 -15"><span class='ocrx_word' id='word_1_214' title='bbox 119 2783 120 2787; x_wconf 24' lang='grc' dir='ltr'>ι</span> <span class='ocrx_word' id='word_1_215' title='bbox 171 2729 327 2799; x_wconf 77' lang='lat' dir='ltr'>credonis</span> <span class='ocrx_word' id='word_1_216' title='bbox 359 2728 526 2797; x_wconf 87' lang='lat' dir='ltr'>nonnullis</span> <span class='ocrx_word' id='word_1_217' title='bbox 558 2728 637 2795; x_wconf 87' lang='lat' dir='ltr'>locis</span> <span class='ocrx_word' id='word_1_218' title='bbox 668 2728 703 2792; x_wconf 91' lang='lat' dir='ltr'>in</span> <span class='ocrx_word' id='word_1_219' title='bbox 736 2736 900 2797; x_wconf 86' lang='lat' dir='ltr'>tumorem</span> <span class='ocrx_word' id='word_1_220' title='bbox 931 2728 1092 2811; x_wconf 87' lang='lat' dir='ltr'>quendam</span> <span class='ocrx_word' id='word_1_221' title='bbox 1122 2730 1296 2797; x_wconf 89' lang='lat' dir='ltr'>verborum</span> 
     </span>
     <span class='ocr_line' id='line_1_30' title="bbox 171 2813 1296 2894; baseline -0.004 -9"><span class='ocrx_word' id='word_1_222' title='bbox 171 2815 261 2885; x_wconf 69' lang='lat' dir='ltr'>sitire</span> <span class='ocrx_word' id='word_1_223' title='bbox 283 2813 396 2894; x_wconf 90' lang='lat' dir='ltr'>videri,</span> <span class='ocrx_word' id='word_1_224' title='bbox 419 2823 530 2880; x_wconf 89' lang='lat' dir='ltr'>tamen</span> <span class='ocrx_word' id='word_1_225' title='bbox 552 2813 637 2881; x_wconf 89' lang='lat' dir='ltr'>hanc</span> <span class='ocrx_word' id='word_1_226' title='bbox 660 2814 700 2879; x_wconf 89' lang='lat' dir='ltr'>ab</span> <span class='ocrx_word' id='word_1_227' title='bbox 722 2834 853 2886; x_wconf 85' lang='lat' dir='ltr'>causam</span> <span class='ocrx_word' id='word_1_228' title='bbox 872 2813 930 2881; x_wconf 87' lang='lat' dir='ltr'>vix</span> <span class='ocrx_word' id='word_1_229' title='bbox 951 2837 991 2881; x_wconf 87' lang='lat' dir='ltr'>ea</span> <span class='ocrx_word' id='word_1_230' title='bbox 1008 2813 1166 2881; x_wconf 83' lang='lat' dir='ltr'>Oicerone</span> <span class='ocrx_word' id='word_1_231' title='bbox 1187 2814 1296 2882; x_wconf 82' lang='lat' dir='ltr'>minus</span> 
     </span>
     <span class='ocr_line' id='line_1_31' title="bbox 171 2898 1295 2985; baseline -0.004 -16"><span class='ocrx_word' id='word_1_232' title='bbox 171 2899 270 2985; x_wconf 84' lang='lat' dir='ltr'>digna</span> <span class='ocrx_word' id='word_1_233' title='bbox 288 2899 353 2969; x_wconf 91' lang='lat' dir='ltr'>dici</span> <span class='ocrx_word' id='word_1_234' title='bbox 366 2907 482 2984; x_wconf 83' lang='lat' dir='ltr'>potest,</span> <span class='ocrx_word' id='word_1_235' title='bbox 505 2919 580 2967; x_wconf 89' lang='lat' dir='ltr'>cum</span> <span class='ocrx_word' id='word_1_236' title='bbox 597 2899 668 2982; x_wconf 90' lang='lat' dir='ltr'>ipse</span> <span class='ocrx_word' id='word_1_237' title='bbox 681 2898 844 2978; x_wconf 85' lang='lat' dir='ltr'>concedet,</span> <span class='ocrx_word' id='word_1_238' title='bbox 868 2921 909 2965; x_wconf 90' lang='lat' dir='ltr'>ne</span> <span class='ocrx_word' id='word_1_239' title='bbox 926 2907 1034 2965; x_wconf 88' lang='lat' dir='ltr'>aetate</span> <span class='ocrx_word' id='word_1_240' title='bbox 1049 2907 1203 2983; x_wconf 86' lang='lat' dir='ltr'>provecto</span> <span class='ocrx_word' id='word_1_241' title='bbox 1225 2902 1295 2983; x_wconf 80' lang='lat' dir='ltr'>qui·</span> 
     </span>
     <span class='ocr_line' id='line_1_32' title="bbox 171 2983 1296 3068; baseline -0.003 -14"><span class='ocrx_word' id='word_1_242' title='bbox 171 2986 244 3055; x_wconf 87' lang='lat' dir='ltr'>dem</span> <span class='ocrx_word' id='word_1_243' title='bbox 266 2987 327 3057; x_wconf 89' lang='lat' dir='ltr'>sibi</span> <span class='ocrx_word' id='word_1_244' title='bbox 346 2983 531 3068; x_wconf 82' lang='lat' dir='ltr'>contigisse,</span> <span class='ocrx_word' id='word_1_245' title='bbox 554 2992 592 3051; x_wconf 89' lang='lat' dir='ltr'>ut</span> <span class='ocrx_word' id='word_1_246' title='bbox 613 2984 790 3051; x_wconf 88' lang='lat' dir='ltr'>iuvenilem</span> <span class='ocrx_word' id='word_1_247' title='bbox 808 2983 972 3067; x_wconf 88' lang='lat' dir='ltr'>quendam</span> <span class='ocrx_word' id='word_1_248' title='bbox 990 2984 1120 3050; x_wconf 88' lang='lat' dir='ltr'>dicendi</span> <span class='ocrx_word' id='word_1_249' title='bbox 1136 2986 1296 3068; x_wconf 89' lang='lat' dir='ltr'>impetum</span> 
     </span>
     <span class='ocr_line' id='line_1_33' title="bbox 170 3068 1296 3154; baseline -0.006 -11"><span class='ocrx_word' id='word_1_250' title='bbox 170 3079 204 3144; x_wconf 86' lang='lat' dir='ltr'>ot</span> <span class='ocrx_word' id='word_1_251' title='bbox 225 3070 461 3139; x_wconf 76' lang='lat' dir='ltr'>abundantiam</span> <span class='ocrx_word' id='word_1_252' title='bbox 483 3070 562 3135; x_wconf 85' lang='lat' dir='ltr'>satis</span> <span class='ocrx_word' id='word_1_253' title='bbox 584 3076 756 3148; x_wconf 83' lang='lat' dir='ltr'>coerceret,</span> <span class='ocrx_word' id='word_1_254' title='bbox 779 3068 818 3135; x_wconf 89' lang='lat' dir='ltr'>of.</span> <span class='ocrx_word' id='word_1_255' title='bbox 842 3069 937 3135; x_wconf 89' lang='lat' dir='ltr'>Brut.</span> <span class='ocrx_word' id='word_1_256' title='bbox 960 3071 983 3154; x_wconf 67' lang='lat'>5.</span> <span class='ocrx_word' id='word_1_257' title='bbox 1008 3073 1080 3135; x_wconf 76' lang='lat'>316.</span> <span class='ocrx_word' id='word_1_258' title='bbox 1097 3117 1100 3123; x_wconf 81' lang='grc'><em>.</em></span> <span class='ocrx_word' id='word_1_259' title='bbox 1117 3070 1170 3148; x_wconf 85' lang='lat' dir='ltr'>„Ie</span> <span class='ocrx_word' id='word_1_260' title='bbox 1192 3071 1296 3148; x_wconf 86' lang='lat' dir='ltr'>(Molo</span> 
     </span>
     <span class='ocr_line' id='line_1_34' title="bbox 169 3152 1295 3238; baseline -0.005 -11"><span class='ocrx_word' id='word_1_261' title='bbox 169 3157 336 3236; x_wconf 85' lang='lat' dir='ltr'>Rhodius)</span> <span class='ocrx_word' id='word_1_262' title='bbox 358 3154 449 3223; x_wconf 90' lang='lat' dir='ltr'>dedit</span> <span class='ocrx_word' id='word_1_263' title='bbox 470 3174 612 3237; x_wconf 88' lang='lat' dir='ltr'>operam,</span> <span class='ocrx_word' id='word_1_264' title='bbox 643 3153 671 3220; x_wconf 87' lang='lat' dir='ltr'>si</span> <span class='ocrx_word' id='word_1_265' title='bbox 693 3152 789 3221; x_wconf 89' lang='lat' dir='ltr'>modo</span> <span class='ocrx_word' id='word_1_266' title='bbox 810 3153 846 3221; x_wconf 90' lang='lat' dir='ltr'>id</span> <span class='ocrx_word' id='word_1_267' title='bbox 866 3155 1023 3238; x_wconf 87' lang='lat' dir='ltr'>consequi</span> <span class='ocrx_word' id='word_1_268' title='bbox 1044 3156 1159 3238; x_wconf 89' lang='lat' dir='ltr'>potuit,</span> <span class='ocrx_word' id='word_1_269' title='bbox 1187 3163 1224 3221; x_wconf 89' lang='lat' dir='ltr'>ut</span> <span class='ocrx_word' id='word_1_270' title='bbox 1245 3157 1295 3221; x_wconf 52' lang='lat' dir='ltr'>ni*</span> 
     </span>
     <span class='ocr_line' id='line_1_35' title="bbox 169 3240 1295 3325; baseline -0.005 -14"><span class='ocrx_word' id='word_1_271' title='bbox 169 3243 234 3311; x_wconf 84' lang='lat' dir='ltr'>mis</span> <span class='ocrx_word' id='word_1_272' title='bbox 261 3240 483 3309; x_wconf 82' lang='lat' dir='ltr'>redundantes</span> <span class='ocrx_word' id='word_1_273' title='bbox 510 3261 569 3305; x_wconf 86' lang='lat' dir='ltr'>nos</span> <span class='ocrx_word' id='word_1_274' title='bbox 596 3245 630 3305; x_wconf 89' lang='lat' dir='ltr'>et</span> <span class='ocrx_word' id='word_1_275' title='bbox 658 3240 896 3322; x_wconf 84' lang='lat' dir='ltr'>superfluentes</span> <span class='ocrx_word' id='word_1_276' title='bbox 923 3241 1059 3308; x_wconf 85' lang='lat' dir='ltr'>iuvenili</span> <span class='ocrx_word' id='word_1_277' title='bbox 1086 3240 1226 3325; x_wconf 86' lang='lat' dir='ltr'>quadam</span> <span class='ocrx_word' id='word_1_278' title='bbox 1247 3241 1295 3305; x_wconf 68' lang='lat' dir='ltr'>di÷</span> 
     </span>
     <span class='ocr_line' id='line_1_36' title="bbox 171 3325 1298 3411; baseline 0.001 -19"><span class='ocrx_word' id='word_1_279' title='bbox 171 3325 267 3393; x_wconf 88' lang='lat' dir='ltr'>cendi</span> <span class='ocrx_word' id='word_1_280' title='bbox 287 3327 485 3411; x_wconf 85' lang='lat' dir='ltr'>impunitate</span> <span class='ocrx_word' id='word_1_281' title='bbox 506 3334 540 3393; x_wconf 89' lang='lat' dir='ltr'>et</span> <span class='ocrx_word' id='word_1_282' title='bbox 560 3325 693 3390; x_wconf 87' lang='lat' dir='ltr'>licentia</span> <span class='ocrx_word' id='word_1_283' title='bbox 713 3326 906 3408; x_wconf 88' lang='lat' dir='ltr'>reprimeret</span> <span class='ocrx_word' id='word_1_284' title='bbox 927 3337 960 3392; x_wconf 90' lang='lat' dir='ltr'>et</span> <span class='ocrx_word' id='word_1_285' title='bbox 977 3327 1070 3410; x_wconf 87' lang='lat' dir='ltr'>qnasi</span> <span class='ocrx_word' id='word_1_286' title='bbox 1092 3333 1186 3391; x_wconf 75' lang='lat' dir='ltr'>entra</span> <span class='ocrx_word' id='word_1_287' title='bbox 1207 3327 1298 3410; x_wconf 78' lang='lat' dir='ltr'>ripas</span> 
     </span>
     <span class='ocr_line' id='line_1_37' title="bbox 171 3408 1298 3495; baseline 0 -18"><span class='ocrx_word' id='word_1_288' title='bbox 171 3408 355 3485; x_wconf 84' lang='lat' dir='ltr'>diffluentes</span> <span class='ocrx_word' id='word_1_289' title='bbox 376 3417 567 3478; x_wconf 83' lang='lat' dir='ltr'>coerceret“</span> <span class='ocrx_word' id='word_1_290' title='bbox 609 3411 733 3483; x_wconf 83' lang='lat' dir='ltr'>Mirum</span> <span class='ocrx_word' id='word_1_291' title='bbox 750 3412 852 3495; x_wconf 86' lang='lat' dir='ltr'>igitur</span> <span class='ocrx_word' id='word_1_292' title='bbox 872 3417 968 3491; x_wconf 87' lang='lat' dir='ltr'>essct,</span> <span class='ocrx_word' id='word_1_293' title='bbox 990 3412 1018 3477; x_wconf 90' lang='lat' dir='ltr'>si</span> <span class='ocrx_word' id='word_1_294' title='bbox 1041 3411 1155 3477; x_wconf 80' lang='lat' dir='ltr'>Cicero</span> <span class='ocrx_word' id='word_1_295' title='bbox 1177 3413 1212 3477; x_wconf 91' lang='lat' dir='ltr'>in</span> <span class='ocrx_word' id='word_1_296' title='bbox 1234 3413 1298 3478; x_wconf 94' lang='lat' dir='ltr'>hao</span> 
     </span>
     <span class='ocr_line' id='line_1_38' title="bbox 171 3495 1296 3579; baseline 0.003 -19"><span class='ocrx_word' id='word_1_297' title='bbox 171 3495 329 3575; x_wconf 86' lang='lat' dir='ltr'>oratione,</span> <span class='ocrx_word' id='word_1_298' title='bbox 347 3517 445 3579; x_wconf 87' lang='lat' dir='ltr'>quam</span> <span class='ocrx_word' id='word_1_299' title='bbox 463 3516 590 3565; x_wconf 87' lang='lat' dir='ltr'>summa</span> <span class='ocrx_word' id='word_1_300' title='bbox 606 3496 733 3565; x_wconf 84' lang='lat' dir='ltr'>laetitia</span> <span class='ocrx_word' id='word_1_301' title='bbox 751 3497 896 3576; x_wconf 81' lang='lat' dir='ltr'>affectus,</span> <span class='ocrx_word' id='word_1_302' title='bbox 907 3497 1059 3565; x_wconf 76' lang='lat' dir='ltr'>Caesaris</span> <span class='ocrx_word' id='word_1_303' title='bbox 1070 3495 1296 3573; x_wconf 76' lang='lat' dir='ltr'>admiratione,</span> 
     </span>
     <span class='ocr_line' id='line_1_39' title="bbox 170 3580 1295 3666; baseline -0.001 -18"><span class='ocrx_word' id='word_1_304' title='bbox 170 3601 289 3661; x_wconf 83' lang='lat' dir='ltr'>amoro,</span> <span class='ocrx_word' id='word_1_305' title='bbox 319 3580 428 3647; x_wconf 87' lang='lat' dir='ltr'>studio</span> <span class='ocrx_word' id='word_1_306' title='bbox 456 3583 575 3660; x_wconf 81' lang='lat' dir='ltr'>calens,</span> <span class='ocrx_word' id='word_1_307' title='bbox 600 3583 733 3648; x_wconf 88' lang='lat' dir='ltr'>incitato</span> <span class='ocrx_word' id='word_1_308' title='bbox 762 3583 872 3647; x_wconf 89' lang='lat' dir='ltr'>animo</span> <span class='ocrx_word' id='word_1_309' title='bbox 894 3603 935 3647; x_wconf 86' lang='lat' dir='ltr'>ex</span> <span class='ocrx_word' id='word_1_310' title='bbox 957 3590 1113 3666; x_wconf 83' lang='lat' dir='ltr'>tempore,</span> <span class='ocrx_word' id='word_1_311' title='bbox 1135 3590 1173 3648; x_wconf 90' lang='lat' dir='ltr'>ut</span> <span class='ocrx_word' id='word_1_312' title='bbox 1192 3584 1295 3665; x_wconf 81' lang='lat' dir='ltr'>ciunt,</span> 
     </span>
     <span class='ocr_line' id='line_1_40' title="bbox 169 3665 1296 3751; baseline 0.003 -19"><span class='ocrx_word' id='word_1_313' title='bbox 169 3667 294 3746; x_wconf 90' lang='lat' dir='ltr'>habuit,</span> <span class='ocrx_word' id='word_1_314' title='bbox 316 3665 437 3751; x_wconf 87' lang='lat' dir='ltr'>exigua</span> <span class='ocrx_word' id='word_1_315' title='bbox 457 3667 516 3733; x_wconf 88' lang='lat' dir='ltr'>ille</span> <span class='ocrx_word' id='word_1_316' title='bbox 536 3667 617 3731; x_wconf 87' lang='lat' dir='ltr'>vitia</span> <span class='ocrx_word' id='word_1_317' title='bbox 638 3667 802 3746; x_wconf 84' lang='lat' dir='ltr'>evitasset,</span> <span class='ocrx_word' id='word_1_318' title='bbox 829 3667 946 3750; x_wconf 89' lang='lat' dir='ltr'>quibus</span> <span class='ocrx_word' id='word_1_319' title='bbox 973 3689 1016 3734; x_wconf 90' lang='lat' dir='ltr'>ne</span> <span class='ocrx_word' id='word_1_320' title='bbox 1037 3668 1073 3733; x_wconf 90' lang='lat' dir='ltr'>in</span> <span class='ocrx_word' id='word_1_321' title='bbox 1094 3670 1141 3734; x_wconf 87' lang='lat' dir='ltr'>eis</span> <span class='ocrx_word' id='word_1_322' title='bbox 1163 3668 1296 3751; x_wconf 87' lang='lat' dir='ltr'>quidem</span> 
     </span>
     <span class='ocr_line' id='line_1_41' title="bbox 170 3752 1294 3835; baseline -0.004 -12"><span class='ocrx_word' id='word_1_323' title='bbox 170 3752 372 3823; x_wconf 81' lang='lat' dir='ltr'>orationibus</span> <span class='ocrx_word' id='word_1_324' title='bbox 388 3771 503 3819; x_wconf 86' lang='lat' dir='ltr'>vacare</span> <span class='ocrx_word' id='word_1_325' title='bbox 525 3773 601 3816; x_wconf 90' lang='lat' dir='ltr'>eum</span> <span class='ocrx_word' id='word_1_326' title='bbox 623 3752 781 3829; x_wconf 88' lang='lat' dir='ltr'>videmus,</span> <span class='ocrx_word' id='word_1_327' title='bbox 804 3773 884 3835; x_wconf 85' lang='lat' dir='ltr'>quas</span> <span class='ocrx_word' id='word_1_328' title='bbox 906 3752 1018 3820; x_wconf 88' lang='lat' dir='ltr'>sedato</span> <span class='ocrx_word' id='word_1_329' title='bbox 1040 3754 1149 3820; x_wconf 86' lang='lat' dir='ltr'>animo</span> <span class='ocrx_word' id='word_1_330' title='bbox 1171 3754 1294 3832; x_wconf 85' lang='lat' dir='ltr'>habuit,</span> 
     </span>
     <span class='ocr_line' id='line_1_42' title="bbox 191 3836 1293 3924; baseline -0.002 -19"><span class='ocrx_word' id='word_1_331' title='bbox 191 3859 314 3923; x_wconf 77' lang='lat' dir='ltr'>uaeque</span> <span class='ocrx_word' id='word_1_332' title='bbox 330 3843 426 3907; x_wconf 89' lang='lat' dir='ltr'>antea</span> <span class='ocrx_word' id='word_1_333' title='bbox 443 3836 622 3911; x_wconf 83' lang='lat' dir='ltr'>meditatus</span> <span class='ocrx_word' id='word_1_334' title='bbox 639 3846 673 3902; x_wconf 90' lang='lat' dir='ltr'>et</span> <span class='ocrx_word' id='word_1_335' title='bbox 693 3846 931 3905; x_wconf 85' lang='lat' dir='ltr'>commentatus</span> <span class='ocrx_word' id='word_1_336' title='bbox 953 3846 1032 3906; x_wconf 88' lang='lat' dir='ltr'>erat.</span> <span class='ocrx_word' id='word_1_337' title='bbox 1066 3839 1155 3921; x_wconf 80' lang='lat' dir='ltr'>Quid</span> <span class='ocrx_word' id='word_1_338' title='bbox 1175 3838 1293 3924; x_wconf 83' lang='lat' dir='ltr'>plura?</span> 
     </span>
     <span class='ocr_line' id='line_1_43' title="bbox 170 3860 1294 4010; baseline -0.004 -15"><span class='ocrx_word' id='word_1_339' title='bbox 170 3860 296 3997; x_wconf 50' lang='lat' dir='ltr'>gunnes</span> <span class='ocrx_word' id='word_1_340' title='bbox 324 3922 568 3993; x_wconf 88' lang='lat' dir='ltr'>consuetudinis</span> <span class='ocrx_word' id='word_1_341' title='bbox 591 3923 759 3991; x_wconf 75' lang='lat' dir='ltr'>Tullianae</span> <span class='ocrx_word' id='word_1_342' title='bbox 787 3935 883 3992; x_wconf 89' lang='lat' dir='ltr'>notae</span> <span class='ocrx_word' id='word_1_343' title='bbox 905 3933 971 3991; x_wconf 90' lang='lat' dir='ltr'>tam</span> <span class='ocrx_word' id='word_1_344' title='bbox 994 3933 1106 4010; x_wconf 87' lang='lat' dir='ltr'>aperte</span> <span class='ocrx_word' id='word_1_345' title='bbox 1126 3926 1219 3997; x_wconf 88' lang='lat' dir='ltr'>nobis</span> <span class='ocrx_word' id='word_1_346' title='bbox 1242 3945 1294 3991; x_wconf 58' lang='lat' dir='ltr'>oo*</span> 
     </span>
     <span class='ocr_line' id='line_1_44' title="bbox 170 4009 1295 4094; baseline 0 -18"><span class='ocrx_word' id='word_1_347' title='bbox 170 4018 318 4091; x_wconf 81' lang='lat' dir='ltr'>currunt,</span> <span class='ocrx_word' id='word_1_348' title='bbox 345 4018 383 4083; x_wconf 86' lang='lat' dir='ltr'>ut</span> <span class='ocrx_word' id='word_1_349' title='bbox 396 4009 497 4092; x_wconf 38' lang='lat' dir='ltr'>‚nullo</span> <span class='ocrx_word' id='word_1_350' title='bbox 517 4017 612 4093; x_wconf 87' lang='lat' dir='ltr'>paeto</span> <span class='ocrx_word' id='word_1_351' title='bbox 639 4010 828 4093; x_wconf 86' lang='lat' dir='ltr'>persuaderi</span> <span class='ocrx_word' id='word_1_352' title='bbox 855 4012 948 4078; x_wconf 88' lang='lat' dir='ltr'>nobis</span> <span class='ocrx_word' id='word_1_353' title='bbox 969 4012 1082 4094; x_wconf 83' lang='lat' dir='ltr'>possit,</span> <span class='ocrx_word' id='word_1_354' title='bbox 1111 4009 1146 4075; x_wconf 93' lang='lat' dir='ltr'>id</span> <span class='ocrx_word' id='word_1_355' title='bbox 1166 4011 1295 4077; x_wconf 88' lang='lat' dir='ltr'>efficere</span> 
     </span>
     <span class='ocr_line' id='line_1_45' title="bbox 169 4096 1294 4182; baseline -0.007 -15"><span class='ocrx_word' id='word_1_356' title='bbox 169 4117 362 4182; x_wconf 83' lang='lat' dir='ltr'>quemquam</span> <span class='ocrx_word' id='word_1_357' title='bbox 383 4097 553 4164; x_wconf 86' lang='lat' dir='ltr'>rhetorem</span> <span class='ocrx_word' id='word_1_358' title='bbox 570 4096 715 4178; x_wconf 86' lang='lat' dir='ltr'>potuisse</span> <span class='ocrx_word' id='word_1_359' title='bbox 732 4098 926 4165; x_wconf 81' lang='lat' dir='ltr'>aemulando</span> <span class='ocrx_word' id='word_1_360' title='bbox 938 4098 1140 4174; x_wconf 85' lang='lat' dir='ltr'>Oioeronem,</span> <span class='ocrx_word' id='word_1_361' title='bbox 1165 4101 1202 4160; x_wconf 89' lang='lat' dir='ltr'>nt</span> <span class='ocrx_word' id='word_1_362' title='bbox 1218 4114 1294 4160; x_wconf 88' lang='lat' dir='ltr'>eum</span> 
     </span>
     <span class='ocr_line' id='line_1_46' title="bbox 168 4181 1295 4267; baseline -0.007 -14"><span class='ocrx_word' id='word_1_363' title='bbox 168 4202 304 4267; x_wconf 85' lang='lat' dir='ltr'>prorsus</span> <span class='ocrx_word' id='word_1_364' title='bbox 321 4190 482 4267; x_wconf 80' lang='lat' dir='ltr'>aequaret,</span> <span class='ocrx_word' id='word_1_365' title='bbox 501 4181 693 4266; x_wconf 83' lang='lat' dir='ltr'>praesertim</span> <span class='ocrx_word' id='word_1_366' title='bbox 709 4182 745 4251; x_wconf 90' lang='lat' dir='ltr'>in</span> <span class='ocrx_word' id='word_1_367' title='bbox 761 4205 809 4262; x_wconf 85' lang='lat' dir='ltr'>re,</span> <span class='ocrx_word' id='word_1_368' title='bbox 826 4205 909 4267; x_wconf 88' lang='lat' dir='ltr'>quae</span> <span class='ocrx_word' id='word_1_369' title='bbox 927 4183 968 4249; x_wconf 90' lang='lat' dir='ltr'>ab</span> <span class='ocrx_word' id='word_1_370' title='bbox 986 4182 1188 4266; x_wconf 82' lang='lat' dir='ltr'>reliquarum</span> <span class='ocrx_word' id='word_1_371' title='bbox 1204 4181 1295 4246; x_wconf 79' lang='lat' dir='ltr'>illius</span> 
     </span>
    </p>
   </div>
   <div class='ocr_carea' id='block_1_8' title="bbox 0 0 1486 4836">
    <p class='ocr_par' dir='ltr' id='par_1_8' title="bbox 0 0 1486 4836">
     <span class='ocr_line' id='line_1_47' title="bbox 0 0 1486 4836; baseline 0 0"><span class='ocrx_word' id='word_1_372' title='bbox 0 0 1486 4836; x_wconf 95' lang='lat' dir='ltr'> </span> 
     </span>
    </p>
   </div>
  </div>
 </body>
</html>
