2962 4836
609 216 748 277 ..q-
827 189 834 198 ’

107 390 169 456 lari
191 387 321 473 generis
343 385 487 451 Tulliani
507 386 643 452 scientia
664 388 847 454 instructus
877 385 1058 451 orationem
1092 385 1238 454 defendit

108 485 142 540 et
159 493 352 557 quacunque
384 472 511 536 ratione
543 473 660 555 potuit,
694 493 766 538 eam
798 493 864 537 non
898 471 993 537 modo
1027 494 1047 537 a
1079 472 1237 538 Cicerone

108 561 205 629 scribi
227 558 371 644 potuisse
391 557 449 624 sed
472 556 571 623 etiam
594 578 711 624 revera
732 558 878 624 habitum
905 567 938 624 et
960 557 1079 623 litteris
1100 559 1246 624 marala»

108 655 175 712 tam
199 668 280 724 esse,
304 644 514 727 comprobare
533 642 667 710 studuit.
702 647 812 728 Atque
831 643 949 710 habuit
970 646 1040 709 eius
1062 666 1237 728 argumen-

107 731 200 798 tandi
227 731 311 797 ratio
341 739 468 796 tantam
497 729 714 811 persuadendi
745 732 822 809 vim,
852 741 889 795 ut
916 730 1065 813 plerique
1094 731 1237 813 perlecto

106 819 163 884 illo
187 816 420 885 commentario
442 814 653 892 confiderent,
676 838 743 882 non
760 818 825 882 iam
856 815 896 882 de
924 816 1081 882 Cicerone
1104 824 1237 883 auctore

106 904 249 970 dubitari
271 923 376 987 posse.
420 900 514 982 Quae
536 922 611 985 spes
639 923 695 968 eos
723 901 846 969 felcllit.
898 901 1017 966 Paullo
1046 911 1121 985 post
1148 902 1236 968 enim

107 990 148 1056 G.
173 991 212 1055 L.
236 987 451 1073 Spaldingius
474 988 656 1053 acerrimus
678 998 813 1055 exortus
835 987 1083 1053 estWolfianae
1103 997 1236 1055 senten-

106 1076 171 1141 tiae
193 1084 362 1159 patronus.
406 1072 528 1139 Hicin
551 1074 669 1139 Museo
703 1073 908 1156 antiquitatis
935 1071 1117 1139 studiorum
1138 1095 1167 1143 ,a
1195 1075 1235 1143 F.

107 1164 147 1227 A.
170 1161 293 1227 Wolfio
316 1166 349 1224 et
370 1158 433 1225 Ph.
462 1159 666 1224 Buttmanno
695 1158 783 1226 edito
811 1159 921 1225 Berol.
960 1160 1040 1224 1808
1075 1159 1164 1245 (Vol.
1192 1160 1234 1244 I.)

105 1269 165 1331 pro
186 1247 239 1314 sui
260 1245 386 1329 ingenii
415 1244 570 1310 facultate
600 1244 823 1329 suspicionum
853 1267 1025 1311 numerum
1058 1256 1236 1330 augerent

105 1333 200 1400 novis
220 1329 414 1415 quibusdam
439 1331 545 1397 causis
567 1329 686 1397 additis
704 1332 927 1398 accusationes
949 1352 968 1394 a
991 1331 1061 1398 viro
1085 1331 1179 1398 docto
1200 1334 1236 1397 in

104 1419 288 1486 orationem
310 1417 493 1483 cumulatas
515 1416 629 1483 lulcire
646 1416 780 1483 studuit.
823 1415 892 1483 Sed
914 1419 941 1482 si
964 1437 1012 1496 ea,
1025 1437 1109 1500 quae
1119 1417 1235 1484 Wolfii

105 1505 247 1589 vestigia
269 1509 400 1569 sectatus
421 1502 559 1585 protulit
581 1503 745 1568 severiore
770 1504 888 1570 iudicio
911 1503 1161 1582 examinaveris,
1184 1505 1235 1568 in-

105 1591 228 1668 venies,
248 1588 322 1673 plus
351 1588 555 1673 argutiarum
582 1588 616 1653 in
644 1590 713 1654 cius
741 1589 961 1672 disputatione
988 1590 1106 1668 inesse,
1136 1611 1235 1673 quam

104 1675 323 1761 probabilium
345 1683 624 1758 argumentorum,
648 1696 790 1758 eumque
811 1676 916 1759 magis
935 1697 975 1739 ex
994 1675 1236 1757 vituperatione

105 1761 240 1828 alterius
272 1760 377 1845 partis
410 1781 490 1826 suae
523 1760 572 1824 rei
610 1760 793 1826 subsidium
827 1760 1036 1844 quaesivisse,
1069 1782 1167 1844 quam
1200 1762 1236 1829 id

105 1848 275 1933 egissent
297 1867 410 1914 uerum
435 1866 454 1909 a
476 1845 558 1912 falso
580 1845 794 1913 discernendo
822 1867 916 1912 suam
945 1847 1106 1912 rationem
1139 1848 1235 1914 nobis

105 1934 337 2017 comprobaret.
382 1931 496 1996 Nihilo
513 1932 618 1998 secius
651 1940 760 1998 autem
795 1932 946 1997 nonnulli
978 1933 1121 2000 editores
1143 1933 1234 2001 velut

104 2019 261 2098 Boakias,
290 2016 474 2093 Schiitzius
503 2015 649 2084 Orellius
676 2018 745 2084 sive
772 2019 870 2083 unius
897 2018 1014 2084 Wolfii
1041 2021 1235 2087 austeritate

105 2107 268 2181 commoti,
290 2104 361 2170 sire
384 2103 667 2168 criminationibus
690 2125 709 2169 a
731 2102 925 2189 Spaldingio
955 2105 1058 2171 auctis
1086 2115 1119 2172 et
1147 2126 1234 2172 com·

105 2193 202 2277 pletis
223 2190 355 2256 adducti
376 2188 625 2255 Marcellianam
657 2199 714 2255 aut
742 2191 931 2268 omiserunt,
964 2199 1021 2256 aut
1053 2191 1233 2257 seiunctam

106 2276 226 2356 abeis,
249 2298 330 2360 quas
353 2275 500 2341 constitit
520 2273 689 2341 Ciceronis
711 2298 792 2355 esse,
820 2275 1021 2343 orationibus
1050 2277 1231 2343 ediderunt.

106 2364 188 2428 Aliis
209 2370 321 2428 tamen
339 2361 429 2427 velut
450 2360 593 2442 Klotzio,
616 2361 672 2444 qui
694 2383 758 2427 ucn
779 2363 889 2428 minus
917 2363 1106 2448 intelligens
1134 2361 1233 2430 index

105 2449 203 2514 huius
226 2449 274 2513 rei
295 2446 533 2513 existimandus
547 2457 607 2526 est,
622 2446 812 2531 persuaderi
834 2470 900 2514 non
919 2450 1033 2533 potuit,
1056 2459 1094 2515 ut
1120 2451 1233 2515 oratic-

106 2557 181 2601 nem
203 2534 294 2599 illam
316 2554 358 2598 ex
376 2554 435 2598 suo
458 2532 529 2599 loco
550 2542 768 2599 removerent.
789 2534 966 2600 —Sciens
988 2534 1095 2601 adhuc
1115 2534 1234 2601 disser-

105 2622 262 2687 tationem
276 2618 497 2702 praetermisi,
520 2641 618 2702 quam
640 2620 678 2685 F.
703 2620 813 2685 Kalaa
836 2619 1059 2697 (Franeofnrti
1087 2621 1235 2706 1804)ad

105 2705 284 2773 nonnullas
307 2704 420 2770 Wolfii
443 2705 673 2789 castigationes
699 2706 895 2772 refellendas
923 2707 1127 2789 conscripsit,
1150 2708 1235 2790 quod

105 2795 164 2859 vix
187 2791 321 2875 dignam
344 2789 435 2869 duxi,
457 2811 540 2873 quae
562 2813 636 2858 cum
658 2792 724 2856 illis
742 2792 887 2857 Weiskii
908 2791 1095 2857 etWormii
1116 2792 1235 2857 libellis

106 2879 317 2945 conferretur.
361 2876 431 2942 Nec
453 2896 533 2941 sane
554 2876 693 2942 multum
711 2877 752 2944 ad
771 2874 862 2944 liteni
880 2876 968 2942 illam
988 2874 1234 2959 disceptandam

105 2965 273 3029 lucramur
296 2985 337 3028 ex
367 2961 684 3040 „Lucubrationibus
707 2963 747 3029 de
769 2985 814 3030 or.
831 2962 897 3028 Cic.
916 2985 946 3047 p.
972 2962 1130 3027 Marcello
1152 2984 1173 3027 a
1193 2964 1233 3029 L.

105 3051 217 3134 Hugic
240 3051 274 3113 in
296 3046 369 3113 Ind.
392 3048 481 3113 lectt.
505 3047 593 3132 publ.
617 3048 717 3115 univ.
741 3049 892 3134 Friburg.
921 3052 1011 3113 1817.
1030 3049 1234 3133 conscriptis.

106 3137 214 3202 Unius
242 3141 353 3214 restat,
383 3141 421 3199 ut
448 3134 652 3199 mentionem
689 3136 815 3214 faciam,
849 3134 885 3198 L.
920 3134 962 3201 G.
996 3134 1152 3211 Jaccbi1)
1181 3136 1235 3219 qui

106 3222 203 3306 plane
226 3220 316 3286 aliud
339 3230 436 3304 atque
459 3219 525 3299 alii,
548 3222 604 3303 qui
627 3231 686 3286 aut
703 3222 875 3290 vindicant
886 3220 1037 3288 Oiceroni
1055 3221 1236 3287 oraticnem

107 3316 166 3373 aut
188 3306 386 3384 abiudicant,
410 3305 577 3372 haedere
598 3308 721 3371 statuit.
767 3307 833 3373 Hic
857 3308 1070 3390 argumentis,
1089 3328 1173 3391 quae
1195 3307 1237 3373 ad

108 3400 279 3481 utramque
312 3394 510 3457 sententiam
539 3391 813 3473 comprobandam
847 3392 974 3474 prolata
1006 3403 1118 3472 erant,
1150 3395 1238 3460 inter

108 3503 143 3547 se
165 3480 360 3562 comparatis
393 3485 426 3543 et
455 3484 606 3544 accurate
634 3478 804 3561 perpensis
833 3499 869 3542 se
901 3499 1008 3560 neque
1035 3476 1097 3558 his,
1132 3500 1237 3562 neque

106 3565 172 3632 illis
195 3587 328 3649 prorsus
351 3564 504 3630 assentiri
527 3584 622 3647 posse
645 3561 733 3630 dicit.
768 3562 845 3628 Alia
859 3563 947 3628 enim
969 3564 1237 3632 inhonoratione

109 3651 209 3736 digna
230 3649 378 3735 putanda
406 3671 486 3726 esse,
515 3671 597 3732 quae
630 3649 818 3715 tribuantur
846 3648 1007 3730 Ciceroni,
1036 3651 1101 3717 alia
1127 3661 1237 3717 autem

109 3758 269 3822 agenore
292 3735 421 3801 dicendi
450 3735 603 3816 Tulliano
629 3735 710 3802 adeo
744 3736 900 3803 recedere
929 3746 962 3801 ct
992 3737 1177 3817 abhorrere,
1200 3745 1239 3803 ut

109 3846 176 3889 non
198 3823 238 3888 ab
260 3820 374 3888 eodem
397 3820 483 3887 dicta
500 3821 554 3886 vel
567 3824 689 3906 scripta
706 3822 889 3889 videantur.
934 3822 1051 3908 Itaque
1062 3826 1096 3889 in
1118 3845 1236 3892 novam

196 4046 223 4112 1)
242 4046 282 4100 De
302 4046 425 4100 oratioue
444 4059 513 4112 quae
533 4045 686 4100 inscribitur
704 4061 753 4114 pro
772 4045 809 4099 M.
833 4045 966 4101 Marcello
990 4043 1113 4099 Ciceroni
1130 4045 1175 4100 vel
1191 4045 1238 4100 ab·

108 4115 250 4170 iudicanda
272 4115 315 4169 rel
341 4114 520 4169 adiudicanda
547 4118 670 4183 quaestio
697 4130 766 4167 nova
786 4130 819 4170 ue
846 4116 1001 4171 coniectura
1028 4119 1140 4168 auctore
1166 4115 1236 4184 Aug.

108 4182 212 4239 Ludor.
231 4182 300 4239 Guil.
319 4180 416 4237 Jacob.
435 4182 555 4236 Beroliui
574 4191 601 4237 et
619 4183 695 4238 Halia
714 4131 790 4236 1813.
